2175 3809
1721 283 1763 306 ι’

727 282 784 346 P
803 304 845 346 n
871 303 913 345 o
935 280 998 346 οὲ
1018 305 1072 348 n
1095 305 1121 348 1
1140 303 1187 346 U
1206 305 1279 347 m.
1714 303 1758 348 ζ)

193 368 300 438 illa
336 421 352 450 ,
399 368 512 440 sed
547 423 570 452 ,
621 371 768 460 qu'ae
811 369 866 438 si
917 371 1223 462 negligas
1252 423 1269 450 ‚
1316 393 1455 436 non
1504 367 1591 438 sit
1623 394 1766 440 ma·-

189 460 441 548 joribus
487 461 678 530 locus
715 513 734 544 ‚
791 459 1152 530 demittere
1205 487 1311 528 ine
1370 485 1507 528 non
1557 486 1770 529 recu-

193 550 343 619 sabo
378 578 399 638 3
448 577 579 620 nec
618 551 863 634 aliter,
907 577 1111 642 quam
1154 551 1210 620 si
1250 549 1416 620 mihi
1458 550 1767 622 tradatur

191 641 580 712 educandus
633 655 910 725 orator,
981 641 1209 712 studia
1273 646 1419 730 ejus
1468 643 1763 712 formare

193 731 268 802 ab
323 733 614 803 infantia
667 733 1013 826 incipiam.

276 825 479 912 Quod
539 850 713 917 opus
740 876 759 907 ‚
828 823 1155 894 Marcelle
1230 823 1497 894 Victori
1544 876 1562 909 ‚
1632 815 1763 897 tibi

191 913 523 1000 dicamus;
560 940 761 1008 quem
799 941 952 984 cum
992 914 1477 985 amicissimum
1520 915 1761 1002 nobis,

192 1017 324 1074 tum
358 1006 605 1076 eximio
641 1007 1020 1075 litterarum
1056 1031 1284 1074 amore
1321 1006 1751 1098 flagrantem,

193 1121 320 1166 non
361 1111 643 1190 propter
690 1098 831 1166 haec
871 1097 1074 1166 modo
1128 1103 1562 1189 (quanquam
1600 1111 1764 1168 sunt

193 1198 472 1282 magna)
538 1178 1020 1280 dignissimuffi
1072 1187 1207 1258 hoc
1259 1200 1509 1256 mutuae
1578 1189 1761 1259 inter

193 1303 303 1348 nos
350 1279 702 1350 charitatis
743 1281 1032 1372 pignore
1079 1278 1555 1368 judicabamus
1586 1312 1602 1361 ;
1639 1279 1761 1352 sed

192 1371 360 1460 quod
413 1371 795 1441 erudiendo
856 1384 1018 1441 nato
1077 1383 1237 1453 ωο,
1286 1375 1483 1458 cujus
1536 1372 1758 1463 prima

191 1473 332 1531 aetas
349 1467 454 1551 (1)
487 1462 930 1562 manifestum
952 1463 1084 1532 iter
1118 1461 1201 1530 ad
1231 1461 1489 1554 ingenii
1520 1461 1755 1536 lumen

190 1554 524 1640 ostendit,
591 1581 732 1624 non
786 1554 1065 1624 inutiles
1130 1554 1275 1624 sore
1334 1553 1492 1623 libri
1545 1555 1753 1625 vide-

187 1639 426 1714 bantur
457 1699 476 1728 ‚
519 1671 691 1738 quos
746 1645 830 1715 ab
875 1645 1038 1737 ipsis
1088 1643 1367 1715 dicendi
1421 1646 1609 1734 velu't
1650 1647 1756 1716 in-

190 1737 572 1820 cunabuliS,
604 1761 728 1828 per
753 1764 989 1806 omnes
1013 1789 1032 1820 ‚
1071 1763 1217 1828 quae
1252 1735 1455 1806 modo
1492 1737 1757 1830 aliquid

189 1828 426 1896 oratori
465 1829 701 1897 futuro
749 1829 1108 1898 conserant
1165 1841 1341 1896 artes
1378 1879 1395 1910 ‚
1454 1828 1540 1898 ad
1574 1833 1759 1902 sum-2

190 1941 350 1987 mam
383 1925 528 2010 ejus
556 1919 781 2009 operis
805 1920 1182 2012 perducere
1211 1918 1753 1988 destinabamus:

187 2023 373 2100 atque
405 2036 488 2080 eo
513 2009 760 2102 magis,
786 2009 970 2104 quod
992 2011 1131 2078 duo
1158 2014 1292 2099 jam
1320 2008 1447 2076 sub
1474 2010 1755 2081 nomine

179 2123 324 2169 ‚meo
366 2101 528 2171 libri
579 2101 978 2171 serebantur
1011 2102 1177 2170 artis
1212 2101 1607 2185 rhetoricae,
1644 2128 1759 2174 ne-

188 2216 304 2279 que
340 2192 509 2264 editi
559 2220 599 2262 a
636 2220 742 2262 me
769 2246 788 2277 ,
822 2219 1043 2286 neque
1078 2193 1147 2262 in
1188 2191 1319 2262 hoc
1353 2194 1753 2298 comparati.

187 2285 481 2376 Namque
530 2285 866 2365 alterum,
926 2309 1239 2354 sermone
1295 2309 1414 2376 per
1462 2283 1756 2356 biduum

181 2369 404 2445 habito
431 2430 449 2458 ‚
477 2377 698 2468 pueri,
725 2376 976 2469 quibus
1017 2375 1088 2444 id
1112 2373 1559 2467 praestabatur
1590 2429 1607 2460 ‚
1644 2379 1752 2466 (2)

185 2479 577 2559 exceperant
626 2495 642 2536 ε
694 2461 984 2538 alterum
1019 2465 1351 2558 pluribus
1396 2491 1554 2535 sane
1608 2467 1755 2538 die-

183 2551 322 2642 Ιηιε,
341 2571 676 2650 quantum
701 2565 801 2644 (3)
829 2559 1134 2628 notando
1152 2558 1475 2650 consequi
1512 2571 1753 2650 potue-

177 2657 327 2720 rant
361 2703 381 2734 ‚
439 2649 948 2743 interceptum,
1009 2649 1179 2720 honi
1242 2653 1521 2736 juvenes
1560 2704 1577 2732 ‚
1630 2649 1752 2721 sed

183 2739 463 2810 nimium
498 2755 802 2829 amantes
835 2742 1006 2825 mei,
1034 2738 1395 2810 temerario
1424 2742 1752 2811 editionis

183 2826 434 2902 honore
470 2833 936 2925 vulgaverant.
967 2839 1195 2921 Quare
1235 2831 1305 2900 in
1343 2831 1449 2900 his
1478 2858 1751 2926 quoque

239 2985 264 3053 (
291 2987 354 3057 1)
392 2989 546 3054 Cujus
590 2990 754 3058 prima
789 3003 896 3040 παις
931 2988 1241 3040 evidentibus
1282 2989 1489 3040 indiciis
1537 2987 1754 3039 ostendit

179 3048 310 3102 hunc
377 3069 695 3107 erventurum
731 3057 794 3106 ad
827 3056 1164 3123 eloquentiam
1186 3102 1201 3125 ‚
1228 3073 1337 3124 quae
1362 3068 1430 3104 est
1453 3054 1646 3120 ingenii
1671 3053 1753 3104 lu·-

180 3129 308 3167 mrn.
397 3133 415 3170 e
435 3126 568 3172 enim
597 3123 806 3172 hominis
831 3123 980 3171 decus
1005 3126 1250 3190 ingenium
1268 3162 1282 3188 ,
1306 3124 1375 3168 sic
1398 3122 1585 3185 ingenii
1598 3123 1751 3187 ipsius·

112 3182 126 3203 ⁸
179 3179 330 3234 lumen
357 3198 432 3235 est
455 3187 751 3255 eloquentia.
783 3191 919 3240 Brut.
943 3187 1023 3252 59.

175 3275 182 3285 ”
243 3267 342 3334 (ιι)
374 3269 614 3321 Privatim
645 3270 892 3322 audiendo
913 3310 928 3334 ,
969 3283 1018 3319 et
1045 3267 1331 3320 memoriter
1352 3264 1671 3321 retinuerant.

243 3346 337 3416 (3)
374 3351 746 3420 Compendioso
783 3373 961 3424 genere
999 3347 1270 3403 scribendi.
1308 3347 1456 3397 Vnde
1490 3348 1613 3400 dicti
1633 3363 1751 3402 sunt

183 3409 394 3468 Notatic'.
671 3431 676 3436 ·

1239 3483 1313 3550 A
1358 3503 1402 3548 2
