2175 3809
322 282 469 349 360
682 280 865 345 Lus.
918 278 1053 342 VI.
1106 276 1540 351 CA?.‚III.·

320 394 542 461 neque
570 366 689 437 illa
708 364 1032 446 obscura,
1067 370 1330 457 quae(1)
1355 360 1681 431 Atellanae
1717 386 1908 431 more

321 472 632 552 captent,
682 484 809 527 nec
855 455 1083 549 qualia
1110 454 1312 548 vulgo
1351 460 1695 541 jactantur
1737 480 1776 521 a
1812 451 1916 521 vi·

320 550 579 622 lissimo
623 575 891 643 quoque
920 601 939 631 ‚
988 572 1308 617 conversa
1347 546 1416 615 in
1467 542 1918 615 maledictum

320 643 463 713 sere
522 642 985 731 ambiguitate.
1054 646 1156 707 Ne
1204 638 1322 707 illa
1372 636 1650 741 quidem
1675 688 1693 719 ‚
1761 663 1916 729 quae

320 732 634 805 Ciceroni
665 729 1057 824 aliquande,
1088 729 1208 799 sed
1229 754 1365 797 nou
1392 753 1461 796 ιιι
1486 728 1584 817 (2)
1615 728 1915 817 agend0‚

320 821 758 904 exciderunt,
812 834 885 890 ut
921 822 1108 905 dixi3
1153 846 1305 889 cum
1344 820 1398 889 is
1451 818 1861 888 candidatus
1896 871 1918 901 ‚

370 914 440 985 ui
472 915 669 1006 coqui
710 912 891 983 filius
933 911 1349 996 habebatur,
1401 935 1626 980 coram
1657 935 1739 978 eo
1774 911 1915 979 suf-

319 941 613 1097 ?ragium
644 1004 727 1075 ab
760 1004 895 1073 alio
928 1016 1190 1095 peteret
1239 1031 1254 1071 :
1303 1002 1458 1095 Ego
1515 1008 1616 1086 (3)
1652 1028 1913 1095 quoque

322 1097 451 1167 tibi
490 1103 643 1188 jure
673 1092 952 1189 favebo.

412 1195 567 1257 Non
604 1188 767 1281 quia
798 1184 1224 1257 excludenda
1257 1185 1390 1253 sint
1419 1184 1706 1253 omnino
1742 1210 1914 1255 ver-

318 1279 451 1363 ba,
498 1278 670 1349 duos
714 1304 951 1347 sensus
1005 1276 1466 1369 significantia
1505 1302 1527 1361 3
1584 1274 1706 1345 sed
1745 1276 1911 1369 quia

320 1395 477 1439 raro
510 1368 686 1439 belle
722 1396 825 1439 res
878 1367 1176 1438 ondeant
1201 1422 1220 1452 ‚
1260 1368 1391 1436 nisi
1437 1392 1909 1459 cumpton-sus

319 1460 525 1529 rebus
565 1461 727 1553 ipsis
762 1395 1191 1544 adiuvantur.
1221 1465 1448 1544 Quare
1479 1484 1620 1525 non
1653 1464 1754 1543 (4)
1776 1458 1908 1527 hoc

318 1551 527 1622 modo
560 1576 731 1641 pene
760 1562 827 1617 et
854 1551 1073 1641 ipsum
1105 1549 1386 1617 scurrile
1415 1549 1768 1619 Ciceronis
1800 1563 1912 1619 est

319 1640 394 1709 in
442 1640 797 1726 eumdem,
848 1639 931 1709 de
972 1665 1108 1733 quo
1150 1666 1354 1731 supra
1400 1640 1538 1709 dixi
1581 1690 1600 1721 ‚
1652 1642 1912 1709 Isauri-

320 1758 518 1801 cum:
577 1732 1021 1827 Miror-quid
1062 1736 1191 1814 sit,
1247 1733 1430 1823 quod
1467 1742 1663 1823 pater
1707 1744 1859 1801 tuus
1886 1786 1905 1814 ‚

320 1820 513 1895 homo
546 1829 1111 1896 constantissimus
1137 1876 1156 1906 ‚
1187 1835 1245 1891 te
1279 1822 1467 1893 nobis
1501 1828 1612 1907 (5)
1650 1829 1908 1892 varium

322 1913 589 2006 reliquit
610 1943 632 1983 :
656 1913 772 1983 sed
796 1914 965 1984 illud
998 1940 1075 1982 ex
1096 1912 1332 1983 eodem
1361 1940 1606 2007 genere
1635 1914 1911 2006 praecla-

319 2028 471 2073 rum
500 2058 518 2089 ‚
576 2030 726 2075 cum
776 2006 1110 2091 objiceret
1151 2006 1397 2073 Miloni
1433 2020 1789 2075 accusator
1826 2006 1906 2075 in

319 2110 797 2186 argumentum
836 2096 1170 2166 factarum
1201 2096 1442 2167 Clodio
1471 2096 1908 2182 insidiarum,

350 2248 357 2255 .
387 2273 405 2329 (
428 2268 485 2333 ι)
518 2269 777 2319 Atellanae
808 2270 980 2321 fabulae
1024 2285 1138 2323 suut
1181 2272 1342 2323 latinae
1365 2313 1382 2336 ,
1407 2274 1552 2324 dictis
1596 2274 1904 2338 jocularibus

314 2336 525 2395 refertae3
551 2338 613 2385 ab
638 2336 813 2385 Atella
830 2338 1073 2387 Oscorum
1101 2340 1221 2389 urbe
1247 2342 1509 2407 appellatae.
1541 2340 1699 2395 Tum.

382 2448 479 2519 (α)
518 2452 580 2501 In
609 2452 903 2501 actionibus.
937 2430 997 2501 fu
1039 2454 1366 2506 orationibus.

385 2568 405 2635 (
426 2567 455 2617 3
479 2567 497 2631 )
528 2566 855 2634 Amphibolia
879 2566 1021 2617 estin
1048 2568 1267 2621 dictione
1280 2572 1433 2639 ,jura
1459 2572 1651 2629 Alludit
1671 2575 1808 2633 enim
1832 2574 1902 2625 ad

314 2634 397 2684 illa
418 2633 641 2697 juscula,
674 2651 780 2701 quae
820 2635 1126 2685 condiunt-ut
1150 2656 1176 2685 a
1206 2638 1400 2703 coquis.
1429 2638 1586 2688 Aiunt
1625 2640 1768 2689 etiam
1808 2640 1898 2690 alii

314 2700 686 2765 ambiguitatem
724 2718 823 2748 esse
856 2700 907 2748 in
934 2700 1152 2751 dictione
1181 2720 1378 2771 quoque
1397 2743 1411 2762 ,
1431 2721 1540 2771 quae
1582 2722 1760 2754 nomen
1793 2724 1898 2755 esse

314 2777 472 2833 potest
492 2802 505 2827 ‚
538 2776 583 2813 et
606 2764 908 2828 conjunctio.
936 2766 1011 2815 De
1032 2768 1133 2816 alio
1151 2768 1268 2817 item
1296 2768 1422 2821 dicit
1446 2770 1654 2823 Cicero:
1684 2771 1893 2838 Optimo

305 2832 417 2899 jure
445 2833 777 2899 magistratum
806 2848 856 2881 es
878 2831 1103 2899 adeptus.
1133 2836 1294 2885 Turn.

382 2946 450 3011 (4
472 2950 494 3013 )
524 2950 600 2997 Ex
624 2946 705 2995 his
739 2947 927 2997 duobus
958 2950 1200 3015 exemplis
1221 2988 1236 3014 ‚
1255 2934 1478 3018 primirm
1517 2952 1726 3020 quidem
1764 2970 1902 3018 pena

312 3012 518 3087 seufrile
538 3050 551 3075 ,
575 3028 621 3061 at
647 3014 851 3063 alterum
875 3015 1071 3079 elegans
1095 3027 1141 3064 et
1164 3017 1392 3067 facetmm
1421 3021 1550 3069 [nest
1565 3018 1761 3087 aliquid
1779 3022 1902 3070 obs·-

313 3090 532 3127 curuans
550 3078 604 3127 in
626 3077 709 3128 his
728 3080 957 3144 vocibus,
988 3098 1088 3130 non
1114 3080 1207 3131 Ιιοσ
1226 3083 1390 3133 modo.

384 3192 407 3257 (
428 3192 458 3241 5
478 3192 519 3268 )
540 3193 592 3243 V
596 3199 671 3243 ari
694 3196 999 3263 appellantur
1027 3201 1230 3264 pustulae
1246 3238 1260 3263 ,
1297 3217 1404 3265 quae
1431 3201 1486 3249 iu
1523 3213 1620 3251 toto
1652 3218 1860 3268 corpore
1880 3242 1896 3268 ,

310 3270 675 3327 pfaeserumque
702 3260 829 3310 facie
852 3264 987 3313 nasci
1006 3266 1192 3329 solent,
1255 3266 1552 3333 uasdumque
1576 3268 1630 3315 in
1656 3268 1790 3315 vultu
1809 3286 1899 3316 ca-

311 3328 478 3389 vitates
507 3324 681 3373 faeere.
704 3325 829 3375 Inde
857 3330 1019 3375 varius
1051 3329 1204 3380 homo
1216 3284 1384 3383 Ἄίοωε
1403 3350 1494 3397 per
1515 3333 1900 3397 ambiguitatem

310 3380 389 3429 Vel
414 3396 693 3440 mconstans
708 3426 724 3454 ,
744 3390 823 3441 vel
844 3390 945 3445 illis
962 3394 1251 3447 cavitatibus
1269 3396 1520 3450 deformis.
1565 3397 1724 3452 Tum.
1831 3400 1840 3407 '

1705 3465 1900 3559 quod
