2175 3809
373 224 513 305 ‘278
814 216 985 283 Lm.
1031 220 1118 282 V.
1166 218 1359 283 ΟΜ».
1406 218 1497 283 X.

379 307 512 378 nisi
545 330 630 374 eo
665 303 904 372 Cicero
951 316 1295 387 uteretur,
1355 302 1537 395 quod
1572 308 1673 387 (ι)
1708 306 1953 393 conju-

371 410 610 491 gotum
641 406 932 481 vocant3
991 410 1066 464 ut
1094 423 1109 463 τ
1158 396 1302 466 Eos
1324 448 1343 479 ‚
1397 400 1529 486 qui.
1548 420 1681 463 rem
1698 398 1951 484 justam

355 489 656 581 saciant,
670 491 850 578 juste
865 488 1111 580 facere
1132 538 1151 569 ,
1187 486 1371 579 quod
1404 498 1583 555 certe
1625 510 1769 553 non
1802 498 1953 576 eget

381 577 790 671 probatione
825 604 842 645 e
881 576 1085 675 Quod
1112 602 1565 670 compascuum
1596 586 1695 645 est
1715 628 1734 661 ‚
1763 600 1957 645 com·-

379 694 650 763 pascere
695 667 952 739 licere...
1594 702 1597 707 ·
1928 726 1933 733 .

477 760 830 849 Apposita‚
856 760 960 831 vel
985 759 1090 847 (2)
1114 761 1561 848 comparativa
1585 755 1959 841 dicuntur»,

385 877 534 943 quae
553 854 811 938 majora
829 876 906 920 ex
928 850 1333 933 minoribus,
1356 848 1619 917 minora
1644 873 1723 915 ex
1750 852 1963 934 majo-

385 941 578 1013 ribus
611 993 630 1024 ,
680 940 870 1031 paria
909 966 990 1011 ex
1039 939 1319 1032 paribus
1352 938 1667 1031 probant.
1702 936 1963 1008 Confir-

388 1043 616 1101 matur
639 1034 1010 1123 conjectura
1041 1056 1120 1100 ex
1156 1034 1411 1117 majore
1440 1056 1455 1097 ε
1492 1033 1731 1121 Siquis
1757 1032 1963 1098 sacri-

389 1122 632 1214 legium
637 1121 832 1213 facit
851 1175 870 1206 ‚
880 1122 1109 1214 saciet
1134 1121 1494 1213 etfiertum.
1526 1125 1625 1189 Ex
1658 1118 1962 1189 minore-2

394 1214 535 1310 (lui
529 1208 754 1305 facile
775 1238 860 1285 ac
880 1214 1113 1304 palam
1144 1216 1483 1294 mentitur,
1504 1210 1851 1302 pejerabit.
1870 1215 1963 1278 Ex

390 1306 540 1399 pari
593 1332 609 1373 z
657 1303 796 1402 Qui
839 1306 924 1374 ob
970 1315 1105 1375 rem
1144 1304 1583 1395 judicandam
1616 1306 1961 1392 pecuniam

391 1400 680 1485 accepit,
695 1406 763 1463 et
780 1396 866 1465 ob
885 1393 1505 1487 dicendumsalsum
1534 1397 1961 1463 testimonium

393 1490 692 1574 accipiet.
723 1487 914 1555 Juris
943 1484 1373 1555 confirmatio
1423 1497 1521 1553 est
1554 1483 1965 1571 hujusmodi.

381 1581 495 1646 Ex
527 1580 782 1664 majore
816 1604 831 1645 τ
873 1580 917 1642 S
919 1577 949 1645 i
979 1575 1349 1646 adulterum
1374 1575 1667 1645 occidere
1696 1573 1883 1657 licet,
1910 1584 1969 1643 et

367 1666 560 1736 ‘loris
595 1666 861 1736 coedere.
891 1671 988 1735 Ex
1021 1667 1286 1735 minore
1316 1694 1332 1733 ε
1364 1669 1442 1733 Si
1450 1665 1685 1758 flrem
1713 1676 1969 1735 noctur-

398 1784 553 1827 num
585 1758 880 1827 occidere
903 1756 1082 1843 licet,
1102 1758 1270 1849 quid
1284 1754 1600 1825 latronem
1622 1769 1654 1822 3
1674 1762 1777 1825 Ex
1793 1755 1968 1848 pari:

373 1848 572 1949 ·Quoe
633 1874 829 1937 poena
887 1849 1199 1921 adversus
1244 1847 1721 1939 interfectorem
1758 1852 1971 1939 patris

385 1947 579 2033 justa
617 1952 716 2009 est
736 1992 756 2023 ‚
809 1941 1038 2011 eadem
1075 1941 1391 2010 adversus
1422 1942 1675 2007 matris.

497 2038 809 2116 Quorum
843 2032 1151 2101 omnium
1198 2041 1523 2098 tractatus
1558 2040 1871 2099 versatur
1908 2028 1976 2097 in

401 2146 438 2193 s
484 2120 825 2210 llogismis.
851 2121 972 2190 lna
1001 2118 1644 2213 magis-finitionibus
1676 2132 1797 2188 aut
1824 2145 1978 2211 qua-

435 2211 708 2281 itatibus
767 2224 1054 2303 prosunt
1117 2238 1133 2280 ε
1198 2211 1283 2280 Si
1338 2212 1542 2281 robur
1586 2211 1977 2301 corporibus

405 2302 646 2371 bonum
679 2324 809 2370 non
857 2313 956 2373 est
979 2355 1000 2386 ‚
1043 2307 1259 2373 minus
1286 2308 1546 2373 sanitas
1568 2329 1591 2371 :
1622 2300 1709 2371 Si
1710 2302 1978 2394 furtum

404 2390 618 2462 scelus
633 2444 654 2475 ‚
690 2397 908 2482 magis
945 2392 1367 2485 sacrilegium
1405 2422 1427 2465 .·
1464 2392 1550 2461 Si
1582 2393 1979 2463 abstinentia

407 2487 612 2559 virtus
636 2534 655 2567 ‚
710 2494 778 2553 et
821 2489 1219 2553 continentia
1254 2510 1277 2553 .·
1330 2489 1375 2551 S
1377 2490 1407 2553 i
1432 2485 1714 2555 mundus
1746 2490 1981 2575 provi-

411 2574 642 2645 dentia
687 2578 939 2664 regitur
965 2627 984 2659 ‚
1035 2576 1570 2645 administranda
1624 2586 1722 2644 est
1764 2600 1983 2666 respu-

409 2665 590 2736 blica
615 2690 638 2733 :
673 2667 718 2731 5
718 2668 748 2731 i
771 2665 1003 2736 domus
1042 2667 1371 2754 aedificari
1402 2672 1545 2739 sine
1569 2670 1828 2737 ratione
1856 2691 1980 2739 non

405 2766 665 2849 potest,
714 2757 882 2849 quid
915 2758 1245 2847 agendum
1293 2762 1361 2826 in
1398 2756 1733 2829 navalium
1781 2782 1943 2827 cura
1962 2809 1981 2840 ‚

409 2858 480 2919 et
499 2871 830 2915 armorum
855 2859 934 2916 ἓ..

419 2956 426 2963 ·
461 3000 468 3007 ,
503 2944 690 3028 Ergo
711 2990 729 3020 ‚
763 2949 837 3005 ut
866 2936 1167 3007 breviter
1188 2938 1595 3009 contraham
1620 2962 1984 3021 summam,

479 3056 566 3238 ξιξ
598 3056 892 3129 Coty‘nzgata.
925 3063 1021 3113 Pro
1045 3063 1278 3113 Marcello
1298 3102 1312 3127 ,
1340 3082 1394 3111 n.
1420 3077 1440 3111 ι
1456 3080 1504 3114 2.
1930 3132 1933 3135 ἢ

511 3143 540 3175 α
595 3122 907 3192 Comparatio
924 3126 1123 3194 triplex.
1146 3131 1195 3183 A
1214 3129 1394 3198 meq'ore
1412 3129 1489 3177 ad
1505 3130 1679 3177 minus.
1699 3126 1798 3179 Pro
1810 3126 1983 3182 Milon,

396 3198 472 3239 ἰι.
497 3210 518 3241 ι
565 3224 578 3237 .
599 3190 698 3241 Pro
727 3195 870 3241 Rosa.
893 3192 1133 3243 Amen-,n-
1154 3194 1260 3245 131.
1296 3194 1359 3243 A
1388 3196 1571 3243 minore
1598 3193 1673 3241 ad
1688 3192 1986 3311 magu-3:³2

413 3255 528 3321 lege
539 3258 674 3307 Man.
694 3273 743 3303 n.
771 3274 838 3307 11·
861 3259 957 3309 Pro
976 3258 1145 3312 Planc-
1166 3278 1217 3313 n.
1238 3259 1319 3313 26.
1334 3259 1719 3327 Aparibusffin

417 3335 499 3388 ⁸7·
523 3318 620 3375 Pro
639 3321 774 3387 sylla
791 3357 809 3388 ,
833 3338 886 3373 n.
907 3320 1034 3379 3.-
1049 3322 1097 3383 5.
1402 3327 1405 3329 ’
1584 3328 1589 3335 ”
1690 3334 1700 3369 .·
