2175 3809
509 253 628 322 DE
675 273 1113 324 annexi-mm:
1164 279 1531 328 onA'roms.
1726 269 1807 349 17

227 343 574 415 discendae
621 371 856 424 omnes
877 371 899 430 3
935 369 1099 431 nec,
1136 359 1213 416 ut
1255 347 1335 416 fit
1366 348 1761 442 plerumque
1784 404 1805 434 ‚

231 437 640 524 difficillima
671 463 954 532 quaeque
987 465 1221 508 earum
1258 439 1634 514 differenda
1669 467 1691 525 3
1736 453 1813 510 ut

183 599 187 605 ,
234 535 332 613 (1)
356 529 429 597 in
445 528 769 598 omnibus
782 529 1161 600 scribendis
1180 531 1808 622 deprehendantur.

227 620 570 708 Quinimo
606 647 692 689 ne
791 622 974 690 rimae
1011 621 1289 715 quidem
1337 622 1677 692 memoriae
1712 637 1813 692 te-

223 737 414 780 mere
457 711 724 798 creden
768 739 916 783 um:
950 727 1258 806 repetere
1281 767 1299 798 ‚
1334 729 1415 788 et,
1433 715 1555 784 diu
1590 714 1814 784 incul-

226 827 388 873 care
411 857 430 888 ‚
464 805 675 873 fuerit
707 805 944 875 utilius
958 831 978 890 3
1016 819 1085 876 et
1116 806 1187 875 in
1214 807 1509 875 lectione
1538 833 1811 901 quoque

225 920 373 964 non
415 907 784 987 properare
821 897 908 966 ad
945 897 1484 967 continuandam
1524 923 1669 968 eam
1703 899 1810 968 vel

233 986 800 1072 accelerandam3
850 989 982 1059 nisi
1023 1015 1181 1060 cum
1224 985 1563 1058 inoffensa
1608 1004 1813 1082 atque

230 1075 626 1147 indubitata
661 1078 1044 1150 litterarum
1094 1083 1275 1152 inter
1306 1108 1377 1160 ‚se
1414 1082 1814 1170 conjunctio

229 1169 671 1261 suppeditare
735 1172 884 1242 sine
958 1173 1102 1241 ulla
1166 1172 1511 1265 cogitandi
1576 1172 1815 1242 saltem

227 1284 420 1330 mora
478 1262 731 1354 poterit
771 1288 794 1348 3
839 1277 1008 1333 tunc
1052 1263 1219 1355 ipsis
1274 1263 1555 1356 syllabis
1608 1264 1814 1334 verba

223 1353 646 1446 complecti,
699 1367 768 1424 et
817 1353 927 1423 his
975 1381 1353 1424 sermonem
1408 1368 1815 1425 connectere

227 1442 542 1537 incipiat.
587 1446 1004 1515 Incredibile
1067 1445 1174 1516 est⁴
1214 1455 1549 1541 quantum
1610 1473 1813 1516 morae

221 1533 512 1604 lectioni
537 1537 978 1608 festinatione
1006 1538 1394 1627 adjiciatur.
1413 1539 1602 1608 Hinc
1628 1540 1811 1608 enim

223 1627 483 1698 accidit
515 1627 856 1698 dubitatio
889 1682 910 1714 ‚
949 1630 1364 1701 intermissio
1399 1683 1418 1714 ‚
1452 1655 1522 1698 re
1576 1630 1812 1714 ethio,

219 1717 380 1811 plus
430 1745 633 1813 quam
666 1728 988 1814 possunt,
1025 1721 1481 1803 audentibus3
1515 1657 1767 1790 deinde
1792 1775 1813 1808 ‚

222 1835 381 1880 cum
431 1826 787 1898 errarunt,
843 1813 1049 1882 etiam
1085 1813 1169 1882 iis
1202 1839 1348 1906 quae
1378 1818 1513 1902 jam
1548 1813 1809 1896 sciunt,

222 1901 726 1973 diffidentibus.
794 1910 998 1973 Certa
1069 1905 1157 1972 sit
1212 1929 1375 1996 ergo
1436 1903 1510 1970 in
1572 1903 1815 1994 primis

224 1991 434 2063 lectio
466 2047 485 2078 ‚
522 1993 772 2064 deinde
823 1983 1191 2084 con‘juncta
1221 2049 1240 2079 .,
1275 2007 1345 2064 et
1374 1992 1495 2064 diu
1523 1990 1817 2080 lentior,

219 2083 450 2155 donec
504 2087 990 2157 exercitatione
1047 2087 1407 2181 contingat
1452 2085 1815 2156 emendata

221 2177 576 2250 velocitas.
962 2229 969 2243 ς
1282 2229 1293 2238 -

309 2277 494 2340 Nam
563 2266 953 2362 prospicere
1033 2271 1108 2341 in
1182 2271 1493 2364 dextrum
1562 2275 1591 2353 (
1629 2267 1817 2362 quod

223 2359 468 2432 omnes
495 2360 952 2455 praecipiunt)
987 2375 1055 2431 et
1080 2363 1473 2455 providere,
1508 2387 1647 2430 non
1678 2364 1810 2445 (2)

219 2454 522 2524 rationis
554 2453 758 2526 modo
784 2506 803 2539 ‚
832 2453 952 2524 sed
981 2479 1141 2523 usus
1174 2479 1445 2547 quoque
1470 2464 1573 2521 est
1598 2477 1620 2536 3
1646 2477 1817 2544 quo-

222 2545 415 2615 niam
459 2546 815 2639 sequentia
863 2545 1212 2630 intuenti,
1262 2547 1491 2638 priora
1522 2542 1816 2613 dicenda

225 2651 441 2719 sunt3
491 2649 605 2723 et,
659 2637 846 2730 quod
901 2636 1387 2707 difficillimum
1438 2647 1586 2721 est,
1640 2633 1819 2704 divi-

225 2727 459 2798 denda
483 2729 783 2799 intentio
811 2729 1052 2813 animi,
1079 2727 1363 2799 uta'iiud
1388 2753 1551 2798 voce
1576 2781 1595 2812 ‚
1624 2723 1816 2797 aliud

225 2819 452 2890 oculis
483 2834 745 2914 agatur.
763 2821 944 2892 Illud
977 2847 1117 2891 non
1144 2820 1504 2914 poenitebit
1521 2843 1818 2902 curasse,

297 2978 356 3047 (ι
379 2983 400 3042 )
435 2979 777 3032 Pei-discendae
807 2998 981 3032 omnes
1011 2981 1233 3050 syllabae,
1248 2993 1303 3029 ut
1320 2979 1671 3047 dignoscantur
1696 2998 1817 3032 cum

227 3057 404 3112 agetur
422 3045 484 3095 de
510 3047 785 3096 scribendis
804 3047 878 3096 eis
897 3085 912 3112 ‚
934 3047 996 3096 de
1030 3047 1308 3098 scribendis
1340 3046 1571 3095 omnibus
1598 3047 1814 3112 syllabis.

229 3111 456 3177 Quidam
475 3113 648 3178 legunt
667 3113 958 3164 nominibus.
977 3113 1191 3166 Videtur
1212 3111 1317 3162 haec
1346 3111 1493 3160 fuisse
1516 3113 1817 3162 consuetudo

229 3177 368 3242 apud
391 3190 575 3228 veteres
587 3214 604 3238 ,
633 3192 686 3228 ut
705 3179 850 3248 pueri
866 3179 1160 3230 docerentur
1182 3178 1405 3246 primum
1419 3191 1559 3225 nosse
1574 3195 1631 3226 ac
1647 3177 1815 3243 ⁴legere

229 3240 416 3292 litteras
431 3282 447 3307 ‚
469 3245 766 3312 easdemque
789 3245 1032 3296 continuo
1057 3247 1170 3314 po'st
1190 3243 1401 3294 seribere
1434 3249 1577 3299 :Ium
1610 3239 1825 3312 syssabns

233 3319 291 3358 ac
313 3309 552 3374 voeabula
579 3313 769 3378 legere,
787 3311 1062 3378 eademque
1087 3326 1207 3360 mox
1227 3305 1459 3360 scribere.

231 3465 236 3474 .
304 3393 325 3456 ί
350 3390 414 3459 2)
444 3393 688 3463 Intelligit
719 3405 874 3446 artem
895 3409 954 3445 ac
971 3390 1285 3444 methodum.

1878 3659 1945 3690 A
