2175 3809
637 279 773 360 ,Du
824 281 1381 348 Omont-ram.
1709 277 1796 348 55
1885 349 1892 355 ,

204 364 456 440 metris
507 381 670 436 sunt
719 367 1081 450 historici,
1131 367 1248 460 qui
1298 365 1811 459 magnitudines
1897 449 1900 454 ¹

214 459 601 532 insularum
668 457 833 528 satis
909 457 1286 551 significari
1351 458 1812 551 navigationis

210 551 482 632 ambitu
559 547 1025 636 crediderunt.
1090 557 1264 620 Nam
1305 601 1323 636 ‚
1397 568 1472 620 ut
1531 572 1812 643 quaeque
1901 623 1938 646 Ι,

204 643 435 712 forma
478 635 972 734 perfectissima
1001 694 1020 727 ‚
1064 642 1162 712 ita
1205 641 1650 732 capacissima
1681 655 1808 713 est.

204 734 516 827 Ideoque
554 732 674 802 illa
722 733 1268 816 circumcurrens
1301 734 1486 803 linea
1513 787 1530 815 ‚
1577 733 1638 802 si
1671 734 1816 814 effi-

210 825 357 894 ciat
381 823 653 910 orbem,
686 849 832 916 quae
860 824 1077 896 forma
1113 837 1214 895 est
1249 826 1318 894 in
1349 824 1582 918 planis.
1605 826 1808 895 maxi·

210 943 329 986 me
360 915 667 1006 perfecta
694 967 713 1000 ‚
750 915 1045 1008 amplius
1073 917 1370 1008 spatium
1407 917 1816 1010 complecte-

210 1019 337 1076 tur
365 1059 385 1094 ‚
436 1032 639 1100 quam
675 1007 731 1076 si
770 1006 1180 1099 quadratum
1215 1008 1495 1100 paribus
1529 1007 1668 1078 oris
1702 1011 1816 1080 ei-

214 1097 435 1167 ficiat.
466 1103 733 1168 Rursus
766 1097 1098 1190 quadrata
1133 1098 1498 1192 triangulis
1527 1151 1546 1184 ,
1585 1099 1818 1168 trian-

214 1188 379 1284 gula
410 1188 555 1280 ipsa
581 1187 737 1281 plus
781 1215 831 1258 ae
885 1190 990 1268 uis
1024 1189 1355 1262 lateribus
1379 1243 1397 1278 ‚
1423 1215 1626 1282 quam
1657 1191 1816 1268 inae,—

216 1280 567 1372 qualibus.
631 1282 771 1350 Sed
823 1305 861 1350 a
895 1281 960 1356 ia
1013 1281 1301 1352 forsitan
1365 1279 1816 1360 obscuriora:

218 1393 349 1441 nos
382 1371 789 1444 facillimum
832 1371 1041 1442 etiam
1084 1372 1422 1466 imperitis
1453 1393 1941 1467 sequamurs..

210 1463 795 1555 experimentum.
827 1463 1073 1556 sugeri
1107 1487 1534 1549 mensuram,
1560 1464 1818 1537 ducen-
1917 1508 1924 1514 ·

216 1565 327 1624 tos
396 1565 467 1624 et
536 1553 993 1648 quadraginta
1070 1555 1534 1648 longitudinis
1610 1555 1818 1648 pedes

218 1667 367 1714 esse
395 1699 413 1730 ‚
458 1643 893 1738 dimid-ioque
937 1646 1011 1716 in
1055 1646 1494 1719 latitudinem
1539 1659 1816 1740 patere,

216 1759 368 1806 non
405 1736 549 1806 fere
585 1735 943 1830 quisquam
990 1750 1093 1808 est
1118 1788 1138 1824 ,
1185 1739 1304 1831 qui
1340 1739 1612 1830 ignoret
1643 1764 1664 1822 3
1707 1751 1816 1824 et,

268 1825 335 1898 ui
369 1825 465 1896 sit
500 1826 832 1915 circuitus
862 1881 883 1914 ‚
919 1841 990 1898 et
1060 1843 1347 1900 uantum
1381 1829 1596 1922 campi
1635 1829 1823 1900 clau-

270 1929 385 2000 at,
442 1917 771 2012 colligere
828 1855 1246 2012 expeditum.
1287 1924 1381 1990 At
1425 1921 1700 1990 centeni
1751 1934 1820 1992 et

224 2009 543 2115 octogeni
578 2013 651 2078 in
678 2035 1021 2104 quamque
1060 2023 1324 2104 partem
1357 2009 1564 2103 pedes
1585 2061 1604 2094 ,
1635 2011 1818 2082 idem

224 2125 257 2170 s
300 2111 520 2171 atium
560 2102 1009 2175 extremitatis
1035 2153 1053 2186 ,
1101 2102 1219 2174 sed
1258 2102 1478 2174 multo
1525 2101 1819 2194 amplius

222 2216 261 2260 c
288 2217 467 2278 ausae
484 2205 785 2285 quatuor
804 2193 1005 2272 lineis
1030 2200 1132 2283 (1)
1157 2221 1326 2268 areae
1353 2193 1738 2264 faciunt.1d
1757 2194 1814 2264 si

226 2297 625 2389 computare
662 2311 863 2380 quem
917 2286 1108 2380 piget
1134 2339 1152 2371 ‚
1195 2285 1630 2358 brevioribus
1676 2312 1824 2358 nu·-

222 2399 427 2445 meris
461 2374 647 2446 idem
683 2375 901 2448 discat
934 2403 949 2447 z
978 2403 1138 2450 nam
1170 2378 1335 2450 deni
1371 2378 1441 2450 in
1478 2375 1817 2470 quadrum

222 2465 433 2557 pedes
456 2517 479 2552 ‚
514 2466 974 2562 quadraginta
1014 2494 1142 2562 per
1173 2493 1406 2553 oram,
1443 2467 1624 2539 intra
1657 2491 1851 2540 cen--

220 2569 369 2628 tum
418 2571 648 2630 erunt.
706 2565 800 2629 At
852 2561 907 2630 si
957 2560 1501 2654 quinideniper
1556 2559 1818 2645 latera,

222 2649 421 2742 quini
468 2649 545 2720 in
586 2649 822 2722 fronte
872 2652 1059 2739 sint3
1109 2679 1189 2722 ex
1247 2650 1410 2737 illo,
1455 2651 1640 2745 quod
1680 2678 1824 2722 am·

221 2740 629 2832 plectuntur
660 2794 681 2827 ‚
748 2756 1065 2836 quartam
1134 2756 1398 2837 partem
1477 2742 1826 2816 deducent

220 2831 469 2902 eodem
550 2833 1048 2906 circumducta.
1136 2835 1204 2906 Si
1281 2859 1441 2906 vero
1523 2831 1823 2926 porrecti

222 2923 555 3018 utrinque
580 2924 1000 2996 undeviceni
1032 2927 1140 2997 sin
1183 2926 1328 2998 ulis
1355 2926 1619 3003 ,distent
1638 2977 1657 3008 ‚
1683 2945 1825 2996 non

221 3013 458 3105 plures
509 3015 698 3086 intus
747 3017 1119 3109 quadratos
1217 3017 1566 3098 abebunt,
1618 3039 1825 3107 quam

225 3129 350 3208 per
374 3119 547 3198 quot
580 3107 697 3180 lon
754 3108 953 3179 itudo
984 3109 1314 3180 ducetur:
1354 3134 1501 3202 quae
1537 3105 1829 3176 circum-

228 3192 359 3264 ibit
430 3210 659 3268 autem
752 3199 907 3270 inea
942 3253 959 3287 ‚
1016 3202 1323 3296 ejusdem
1373 3197 1608 3290 spatii‘
1643 3197 1830 3287 erit2

296 3317 320 3384 (
343 3337 359 3368 ι
385 3318 407 3388 )
436 3307 749 3398 Imm-nitiva
777 3341 907 3378 casu.
948 3326 1166 3380 Faciunt
1210 3321 1424 3390 amplius
1449 3321 1666 3391 spatium
1708 3321 1812 3388 ejus

230 3398 346 3438 &reae
370 3404 481 3456 qua
501 3402 631 3442 mua
658 3403 870 3460 quatuor
896 3392 1053 3448 lineas
1078 3389 1378 3443 continetur.
1410 3441 1420 3454 ⁴
1515 3398 1521 3408 ·

1363 3459 1507 3538 (34
