<?xml version="1.0" encoding="UTF-8"?>
<!DOCTYPE html PUBLIC "-//W3C//DTD XHTML 1.0 Transitional//EN"
    "http://www.w3.org/TR/xhtml1/DTD/xhtml1-transitional.dtd">
<html xmlns="http://www.w3.org/1999/xhtml" xml:lang="en" lang="en">
 <head>
  <title>
</title>
<meta http-equiv="Content-Type" content="text/html;charset=utf-8" />
  <meta name='ocr-system' content='tesseract 3.04.00' />
  <meta name='ocr-capabilities' content='ocr_page ocr_carea ocr_par ocr_line ocrx_word'/>
</head>
<body>
  <div class='ocr_page' id='page_1' title='image "./mfabiiquintilia20quingoog_0089.png"; bbox 0 0 2175 3809; ppageno 0'>
   <div class='ocr_carea' id='block_1_1' title="bbox 194 241 1868 3324">
    <p class='ocr_par' dir='ltr' id='par_1_1' title="bbox 194 241 1868 670">
     <span class='ocr_line' id='line_1_1' title="bbox 528 241 1772 325; baseline 0.004 -18"><span class='ocrx_word' id='word_1_1' title='bbox 528 241 657 307; x_wconf 71' lang='lat' dir='ltr'><strong>Dr:</strong></span> <span class='ocrx_word' id='word_1_2' title='bbox 704 258 1120 306; x_wconf 62' lang='lat' dir='ltr'><strong>:suenone</strong></span> <span class='ocrx_word' id='word_1_3' title='bbox 1167 261 1456 308; x_wconf 69' lang='lat' dir='ltr'><strong>tunm.</strong></span> <span class='ocrx_word' id='word_1_4' title='bbox 1685 253 1772 325; x_wconf 70' lang='lat'><strong>41</strong></span> 
     </span>
     <span class='ocr_line' id='line_1_2' title="bbox 194 340 1868 420; baseline 0.003 -24"><span class='ocrx_word' id='word_1_5' title='bbox 194 347 486 420; x_wconf 66' lang='lat' dir='ltr'><strong>qumque</strong></span> <span class='ocrx_word' id='word_1_6' title='bbox 531 340 766 400; x_wconf 63' lang='lat' dir='ltr'><strong>enm-fas</strong></span> <span class='ocrx_word' id='word_1_7' title='bbox 818 341 1204 412; x_wconf 77' lang='lat' dir='ltr'><strong>vocantur3</strong></span> <span class='ocrx_word' id='word_1_8' title='bbox 1257 353 1550 420; x_wconf 88' lang='lat' dir='ltr'><strong>quorum</strong></span> <span class='ocrx_word' id='word_1_9' title='bbox 1603 355 1777 420; x_wconf 75' lang='lat' dir='ltr'><strong>ege,</strong></span> <span class='ocrx_word' id='word_1_10' title='bbox 1861 359 1868 368; x_wconf 91' lang='lat'><strong>·</strong></span> 
     </span>
     <span class='ocr_line' id='line_1_3' title="bbox 194 420 1777 508; baseline 0.003 -22"><span class='ocrx_word' id='word_1_11' title='bbox 194 423 380 488; x_wconf 84' lang='lat' dir='ltr'><strong>sicut</strong></span> <span class='ocrx_word' id='word_1_12' title='bbox 422 429 797 508; x_wconf 76' lang='lat' dir='ltr'><em>troporum,</em></span> <span class='ocrx_word' id='word_1_13' title='bbox 830 430 1194 488; x_wconf 79' lang='lat' dir='ltr'><strong>tractatum</strong></span> <span class='ocrx_word' id='word_1_14' title='bbox 1242 420 1314 490; x_wconf 90' lang='lat' dir='ltr'><strong>in</strong></span> <span class='ocrx_word' id='word_1_15' title='bbox 1349 445 1502 489; x_wconf 87' lang='lat' dir='ltr'><strong>eum</strong></span> <span class='ocrx_word' id='word_1_16' title='bbox 1551 420 1777 492; x_wconf 83' lang='lat' dir='ltr'><strong>locum</strong></span> 
     </span>
     <span class='ocr_line' id='line_1_4' title="bbox 199 509 1788 601; baseline 0.003 -24"><span class='ocrx_word' id='word_1_17' title='bbox 199 509 490 591; x_wconf 80' lang='lat' dir='ltr'><strong>differn,</strong></span> <span class='ocrx_word' id='word_1_18' title='bbox 522 534 659 601; x_wconf 89' lang='lat' dir='ltr'><strong>quo</strong></span> <span class='ocrx_word' id='word_1_19' title='bbox 680 509 863 578; x_wconf 82' lang='lat' dir='ltr'>-mihi</span> <span class='ocrx_word' id='word_1_20' title='bbox 904 509 989 580; x_wconf 87' lang='lat' dir='ltr'><strong>de</strong></span> <span class='ocrx_word' id='word_1_21' title='bbox 1028 523 1277 580; x_wconf 79' lang='lat' dir='ltr'><strong>ornatu</strong></span> <span class='ocrx_word' id='word_1_22' title='bbox 1313 512 1646 582; x_wconf 77' lang='lat' dir='ltr'><strong>orationis</strong></span> <span class='ocrx_word' id='word_1_23' title='bbox 1681 513 1788 582; x_wconf 87' lang='lat' dir='ltr'>di-·</span> 
     </span>
     <span class='ocr_line' id='line_1_5' title="bbox 200 598 999 670; baseline -0.003 -1"><span class='ocrx_word' id='word_1_24' title='bbox 200 598 501 670; x_wconf 88' lang='lat' dir='ltr'><strong>cendum</strong></span> <span class='ocrx_word' id='word_1_25' title='bbox 529 601 683 669; x_wconf 82' lang='lat' dir='ltr'><strong>erit.</strong></span> <span class='ocrx_word' id='word_1_26' title='bbox 994 623 999 632; x_wconf 90' lang='lat'><em>·</em></span> 
     </span>
    </p>

    <p class='ocr_par' dir='ltr' id='par_1_2' title="bbox 196 689 1860 3324">
     <span class='ocr_line' id='line_1_6' title="bbox 288 689 1783 784; baseline 0.001 -24"><span class='ocrx_word' id='word_1_27' title='bbox 288 691 643 782; x_wconf 62' lang='lat' dir='ltr'><strong>Praecipue</strong></span> <span class='ocrx_word' id='word_1_28' title='bbox 671 717 833 764; x_wconf 85' lang='lat' dir='ltr'><strong>vero</strong></span> <span class='ocrx_word' id='word_1_29' title='bbox 879 690 996 762; x_wconf 88' lang='lat' dir='ltr'><strong>illa</strong></span> <span class='ocrx_word' id='word_1_30' title='bbox 1030 691 1272 784; x_wconf 77' lang='lat' dir='ltr'><strong>infigat</strong></span> <span class='ocrx_word' id='word_1_31' title='bbox 1307 689 1556 762; x_wconf 79' lang='lat' dir='ltr'><strong>animis</strong></span> <span class='ocrx_word' id='word_1_32' title='bbox 1583 743 1602 776; x_wconf 92' lang='lat'>,</span> <span class='ocrx_word' id='word_1_33' title='bbox 1629 717 1783 784; x_wconf 77' lang='lat' dir='ltr'><strong>quae</strong></span> 
     </span>
     <span class='ocr_line' id='line_1_7' title="bbox 198 780 1778 876; baseline 0.001 -26"><span class='ocrx_word' id='word_1_34' title='bbox 198 780 272 850; x_wconf 87' lang='lat' dir='ltr'><strong>in</strong></span> <span class='ocrx_word' id='word_1_35' title='bbox 300 787 665 851; x_wconf 81' lang='lat' dir='ltr'><strong>oeconomia</strong></span> <span class='ocrx_word' id='word_1_36' title='bbox 690 783 935 868; x_wconf 80' lang='lat' dir='ltr'><strong>virtus,</strong></span> <span class='ocrx_word' id='word_1_37' title='bbox 956 810 1102 876; x_wconf 87' lang='lat' dir='ltr'><strong>quae</strong></span> <span class='ocrx_word' id='word_1_38' title='bbox 1135 783 1206 852; x_wconf 85' lang='lat' dir='ltr'><strong>in</strong></span> <span class='ocrx_word' id='word_1_39' title='bbox 1236 781 1486 852; x_wconf 77' lang='lat' dir='ltr'><strong>decoro</strong></span> <span class='ocrx_word' id='word_1_40' title='bbox 1517 807 1778 867; x_wconf 83' lang='lat' dir='ltr'><strong>rerum,</strong></span> 
     </span>
     <span class='ocr_line' id='line_1_8' title="bbox 196 873 1777 966; baseline 0.003 -27"><span class='ocrx_word' id='word_1_41' title='bbox 196 873 371 965; x_wconf 87' lang='lat' dir='ltr'><strong>quid</strong></span> <span class='ocrx_word' id='word_1_42' title='bbox 431 897 735 964; x_wconf 66' lang='lat' dir='ltr'><strong>personae</strong></span> <span class='ocrx_word' id='word_1_43' title='bbox 794 875 1038 966; x_wconf 88' lang='lat' dir='ltr'><strong>cuique</strong></span> <span class='ocrx_word' id='word_1_44' title='bbox 1106 875 1544 956; x_wconf 85' lang='lat' dir='ltr'><strong>convenerit,</strong></span> <span class='ocrx_word' id='word_1_45' title='bbox 1607 875 1777 966; x_wconf 85' lang='lat' dir='ltr'><strong>quid</strong></span> 
     </span>
     <span class='ocr_line' id='line_1_9' title="bbox 198 962 1788 1058; baseline 0.001 -25"><span class='ocrx_word' id='word_1_46' title='bbox 198 964 274 1033; x_wconf 87' lang='lat' dir='ltr'><strong>in</strong></span> <span class='ocrx_word' id='word_1_47' title='bbox 332 962 648 1033; x_wconf 82' lang='lat' dir='ltr'>sensibus</span> <span class='ocrx_word' id='word_1_48' title='bbox 685 963 1146 1050; x_wconf 84' lang='lat' dir='ltr'><strong>laudandum,</strong></span> <span class='ocrx_word' id='word_1_49' title='bbox 1185 963 1354 1058; x_wconf 85' lang='lat' dir='ltr'><strong>quid</strong></span> <span class='ocrx_word' id='word_1_50' title='bbox 1405 964 1475 1031; x_wconf 85' lang='lat' dir='ltr'><strong>in</strong></span> <span class='ocrx_word' id='word_1_51' title='bbox 1525 964 1788 1049; x_wconf 75' lang='lat' dir='ltr'><strong>verhi8‚</strong></span> 
     </span>
     <span class='ocr_line' id='line_1_10' title="bbox 198 1053 1781 1146; baseline 0.001 -24"><span class='ocrx_word' id='word_1_52' title='bbox 198 1053 320 1122; x_wconf 82' lang='lat' dir='ltr'><strong>ubi</strong></span> <span class='ocrx_word' id='word_1_53' title='bbox 392 1054 589 1145; x_wconf 89' lang='lat' dir='ltr'><strong>copia</strong></span> <span class='ocrx_word' id='word_1_54' title='bbox 650 1053 1075 1146; x_wconf 81' lang='lat' dir='ltr'><strong>probabilis,</strong></span> <span class='ocrx_word' id='word_1_55' title='bbox 1139 1055 1257 1124; x_wconf 83' lang='lat' dir='ltr'><strong>ubi</strong></span> <span class='ocrx_word' id='word_1_56' title='bbox 1320 1054 1581 1124; x_wconf 86' lang='lat' dir='ltr'><strong>modus.</strong></span> <span class='ocrx_word' id='word_1_57' title='bbox 1646 1056 1781 1124; x_wconf 84' lang='lat' dir='ltr'><strong>His</strong></span> 
     </span>
     <span class='ocr_line' id='line_1_11' title="bbox 200 1144 1792 1238; baseline 0.003 -26"><span class='ocrx_word' id='word_1_58' title='bbox 200 1144 486 1213; x_wconf 79' lang='lat' dir='ltr'><strong>accedat</strong></span> <span class='ocrx_word' id='word_1_59' title='bbox 544 1146 889 1215; x_wconf 78' lang='lat' dir='ltr'>enarratio</span> <span class='ocrx_word' id='word_1_60' title='bbox 948 1147 1388 1214; x_wconf 81' lang='lat' dir='ltr'><strong>historiarum</strong></span> <span class='ocrx_word' id='word_1_61' title='bbox 1423 1195 1450 1227; x_wconf 93' lang='lat'><strong>,-</strong></span> <span class='ocrx_word' id='word_1_62' title='bbox 1487 1144 1792 1238; x_wconf 67' lang='lat' dir='ltr'><strong>diligens,</strong></span> 
     </span>
     <span class='ocr_line' id='line_1_12' title="bbox 198 1234 1782 1328; baseline 0.001 -25"><span class='ocrx_word' id='word_1_63' title='bbox 198 1234 487 1328; x_wconf 86' lang='lat' dir='ltr'><strong>quidem</strong></span> <span class='ocrx_word' id='word_1_64' title='bbox 536 1235 696 1321; x_wconf 81' lang='lat' dir='ltr'><strong>illa,</strong></span> <span class='ocrx_word' id='word_1_65' title='bbox 754 1262 896 1314; x_wconf 81' lang='lat' dir='ltr'><strong>non</strong></span> <span class='ocrx_word' id='word_1_66' title='bbox 958 1249 1188 1306; x_wconf 76' lang='lat' dir='ltr'><strong>tamen</strong></span> <span class='ocrx_word' id='word_1_67' title='bbox 1245 1261 1457 1327; x_wconf 87' lang='lat' dir='ltr'><strong>usque</strong></span> <span class='ocrx_word' id='word_1_68' title='bbox 1513 1236 1600 1306; x_wconf 87' lang='lat' dir='ltr'><strong>ad</strong></span> <span class='ocrx_word' id='word_1_69' title='bbox 1653 1262 1782 1305; x_wconf 89' lang='lat' dir='ltr'><strong>su-</strong></span> 
     </span>
     <span class='ocr_line' id='line_1_13' title="bbox 197 1326 1781 1418; baseline 0 -22"><span class='ocrx_word' id='word_1_70' title='bbox 197 1339 616 1418; x_wconf 83' lang='lat' dir='ltr'><strong>pervacuum</strong></span> <span class='ocrx_word' id='word_1_71' title='bbox 682 1326 985 1398; x_wconf 78' lang='lat' dir='ltr'><strong>!aborem</strong></span> <span class='ocrx_word' id='word_1_72' title='bbox 1040 1339 1406 1418; x_wconf 51' lang='lat' dir='ltr'><strong>occupata:</strong></span> <span class='ocrx_word' id='word_1_73' title='bbox 1443 1333 1614 1395; x_wconf 87' lang='lat' dir='ltr'><strong>Nam</strong></span> <span class='ocrx_word' id='word_1_74' title='bbox 1676 1353 1781 1396; x_wconf 88' lang='lat' dir='ltr'><strong>re-</strong></span> 
     </span>
     <span class='ocr_line' id='line_1_14' title="bbox 200 1417 1780 1508; baseline 0.001 -22"><span class='ocrx_word' id='word_1_75' title='bbox 200 1429 435 1508; x_wconf 83' lang='lat' dir='ltr'><strong>ceptas</strong></span> <span class='ocrx_word' id='word_1_76' title='bbox 462 1468 480 1501; x_wconf 83' lang='grc'><strong>.,</strong></span> <span class='ocrx_word' id='word_1_77' title='bbox 514 1432 631 1488; x_wconf 88' lang='lat' dir='ltr'><strong>aut</strong></span> <span class='ocrx_word' id='word_1_78' title='bbox 653 1425 757 1504; x_wconf 87' lang='lat'><strong>(1)</strong></span> <span class='ocrx_word' id='word_1_79' title='bbox 780 1432 963 1488; x_wconf 80' lang='lat' dir='ltr'><strong>certe</strong></span> <span class='ocrx_word' id='word_1_80' title='bbox 983 1418 1184 1488; x_wconf 86' lang='lat' dir='ltr'><strong>claris</strong></span> <span class='ocrx_word' id='word_1_81' title='bbox 1216 1417 1610 1487; x_wconf 83' lang='lat' dir='ltr'><strong>auctoribus</strong></span> <span class='ocrx_word' id='word_1_82' title='bbox 1643 1443 1780 1488; x_wconf 79' lang='lat' dir='ltr'><strong>me-</strong></span> 
     </span>
     <span class='ocr_line' id='line_1_15' title="bbox 200 1508 1776 1602; baseline 0.001 -25"><span class='ocrx_word' id='word_1_83' title='bbox 200 1520 543 1590; x_wconf 83' lang='lat' dir='ltr'><strong>moratas,</strong></span> <span class='ocrx_word' id='word_1_84' title='bbox 604 1535 681 1578; x_wconf 84' lang='lat' dir='ltr'><strong>ex</strong></span> <span class='ocrx_word' id='word_1_85' title='bbox 732 1510 987 1580; x_wconf 87' lang='lat' dir='ltr'><strong>osuisse</strong></span> <span class='ocrx_word' id='word_1_86' title='bbox 1048 1508 1210 1578; x_wconf 74' lang='lat' dir='ltr'><strong>satis</strong></span> <span class='ocrx_word' id='word_1_87' title='bbox 1272 1521 1394 1580; x_wconf 80' lang='lat' dir='ltr'><strong>est.</strong></span> <span class='ocrx_word' id='word_1_88' title='bbox 1449 1508 1776 1602; x_wconf 83' lang='lat' dir='ltr'>Persequi</span> 
     </span>
     <span class='ocr_line' id='line_1_16' title="bbox 200 1599 1780 1694; baseline 0.003 -28"><span class='ocrx_word' id='word_1_89' title='bbox 200 1599 483 1692; x_wconf 88' lang='lat' dir='ltr'><strong>quidem</strong></span> <span class='ocrx_word' id='word_1_90' title='bbox 531 1625 665 1692; x_wconf 89' lang='lat' dir='ltr'><strong>quo</strong></span> <span class='ocrx_word' id='word_1_91' title='bbox 768 1602 1051 1694; x_wconf 86' lang='lat' dir='ltr'><strong>quisque</strong></span> <span class='ocrx_word' id='word_1_92' title='bbox 1103 1624 1400 1692; x_wconf 86' lang='lat' dir='ltr'><strong>unquam</strong></span> <span class='ocrx_word' id='word_1_93' title='bbox 1458 1601 1564 1668; x_wconf 85' lang='lat' dir='ltr'><strong>vel</strong></span> <span class='ocrx_word' id='word_1_94' title='bbox 1614 1626 1780 1670; x_wconf 83' lang='lat' dir='ltr'><strong>con-</strong></span> 
     </span>
     <span class='ocr_line' id='line_1_17' title="bbox 196 1689 1782 1794; baseline 0 -36"><span class='ocrx_word' id='word_1_95' title='bbox 196 1689 813 1794; x_wconf 66' lang='lat' dir='ltr'><strong>temptissimorum</strong></span> <span class='ocrx_word' id='word_1_96' title='bbox 871 1691 1228 1762; x_wconf 85' lang='lat' dir='ltr'><strong>hominum</strong></span> <span class='ocrx_word' id='word_1_97' title='bbox 1287 1691 1600 1772; x_wconf 81' lang='lat' dir='ltr'><strong>dixerit,</strong></span> <span class='ocrx_word' id='word_1_98' title='bbox 1660 1703 1782 1759; x_wconf 84' lang='lat' dir='ltr'><strong>aut</strong></span> 
     </span>
     <span class='ocr_line' id='line_1_18' title="bbox 198 1781 1782 1867; baseline -0.001 -17"><span class='ocrx_word' id='word_1_99' title='bbox 198 1805 437 1850; x_wconf 76' lang='lat' dir='ltr'>mmlae</span> <span class='ocrx_word' id='word_1_100' title='bbox 468 1781 787 1866; x_wconf 69' lang='lat' dir='ltr'><strong>miserim,</strong></span> <span class='ocrx_word' id='word_1_101' title='bbox 838 1796 954 1852; x_wconf 85' lang='lat' dir='ltr'><strong>aut</strong></span> <span class='ocrx_word' id='word_1_102' title='bbox 1000 1783 1226 1851; x_wconf 87' lang='lat' dir='ltr'><strong>inanis</strong></span> <span class='ocrx_word' id='word_1_103' title='bbox 1259 1781 1594 1867; x_wconf 75' lang='lat' dir='ltr'><strong>jactantiae</strong></span> <span class='ocrx_word' id='word_1_104' title='bbox 1627 1793 1728 1849; x_wconf 81' lang='lat' dir='ltr'><strong>est</strong></span> <span class='ocrx_word' id='word_1_105' title='bbox 1755 1807 1782 1865; x_wconf 85' lang='lat'>;</span> 
     </span>
     <span class='ocr_line' id='line_1_19' title="bbox 203 1870 1780 1967; baseline 0 -29"><span class='ocrx_word' id='word_1_106' title='bbox 203 1883 271 1938; x_wconf 85' lang='lat' dir='ltr'><strong>et</strong></span> <span class='ocrx_word' id='word_1_107' title='bbox 328 1871 595 1940; x_wconf 59' lang='lat' dir='ltr'><strong>detinet</strong></span> <span class='ocrx_word' id='word_1_108' title='bbox 638 1885 840 1967; x_wconf 72' lang='lat' dir='ltr'><strong>atque</strong></span> <span class='ocrx_word' id='word_1_109' title='bbox 886 1872 1120 1942; x_wconf 83' lang='lat' dir='ltr'><strong>obruit</strong></span> <span class='ocrx_word' id='word_1_110' title='bbox 1167 1871 1486 1962; x_wconf 83' lang='lat' dir='ltr'><strong>ingenia,</strong></span> <span class='ocrx_word' id='word_1_111' title='bbox 1535 1870 1780 1939; x_wconf 77' lang='lat' dir='ltr'><strong>melius</strong></span> 
     </span>
     <span class='ocr_line' id='line_1_20' title="bbox 202 1960 1782 2054; baseline -0.001 -25"><span class='ocrx_word' id='word_1_112' title='bbox 202 1961 361 2030; x_wconf 83' lang='lat' dir='ltr'><strong>aliis</strong></span> <span class='ocrx_word' id='word_1_113' title='bbox 434 1975 775 2032; x_wconf 83' lang='lat' dir='ltr'><strong>vacatura.</strong></span> <span class='ocrx_word' id='word_1_114' title='bbox 830 1969 1003 2032; x_wconf 88' lang='lat' dir='ltr'><strong>Nam</strong></span> <span class='ocrx_word' id='word_1_115' title='bbox 1068 1960 1185 2054; x_wconf 81' lang='lat' dir='ltr'><strong>qui</strong></span> <span class='ocrx_word' id='word_1_116' title='bbox 1239 1985 1473 2029; x_wconf 89' lang='lat' dir='ltr'><strong>omnes</strong></span> <span class='ocrx_word' id='word_1_117' title='bbox 1507 2012 1526 2042; x_wconf 87' lang='lat'>‚</span> <span class='ocrx_word' id='word_1_118' title='bbox 1574 1960 1782 2028; x_wconf 82' lang='lat' dir='ltr'><strong>etiam</strong></span> 
     </span>
     <span class='ocr_line' id='line_1_21' title="bbox 204 2051 1782 2144; baseline 0 -24"><span class='ocrx_word' id='word_1_119' title='bbox 204 2051 531 2144; x_wconf 81' lang='lat' dir='ltr'><strong>indignas</strong></span> <span class='ocrx_word' id='word_1_120' title='bbox 570 2053 904 2138; x_wconf 83' lang='lat' dir='ltr'><strong>lectione,</strong></span> <span class='ocrx_word' id='word_1_121' title='bbox 950 2051 1232 2127; x_wconf 84' lang='lat' dir='ltr'><strong>schedas</strong></span> <span class='ocrx_word' id='word_1_122' title='bbox 1279 2051 1582 2134; x_wconf 81' lang='lat' dir='ltr'><strong>excutit,</strong></span> <span class='ocrx_word' id='word_1_123' title='bbox 1633 2051 1782 2120; x_wconf 87' lang='lat' dir='ltr'><strong>ani-</strong></span> 
     </span>
     <span class='ocr_line' id='line_1_22' title="bbox 202 2141 1780 2248; baseline 0.001 -38"><span class='ocrx_word' id='word_1_124' title='bbox 202 2141 387 2212; x_wconf 85' lang='lat' dir='ltr'><strong>libus</strong></span> <span class='ocrx_word' id='word_1_125' title='bbox 408 2169 678 2237; x_wconf 87' lang='lat' dir='ltr'><strong>quoque</strong></span> <span class='ocrx_word' id='word_1_126' title='bbox 704 2144 951 2214; x_wconf 75' lang='lat' dir='ltr'><strong>fabulis</strong></span> <span class='ocrx_word' id='word_1_127' title='bbox 975 2142 1482 2214; x_wconf 79' lang='lat' dir='ltr'><strong>accommodare</strong></span> <span class='ocrx_word' id='word_1_128' title='bbox 1503 2161 1780 2248; x_wconf 79' lang='lat' dir='ltr'><strong>operam</strong></span> 
     </span>
     <span class='ocr_line' id='line_1_23' title="bbox 203 2233 1784 2327; baseline 0 -25"><span class='ocrx_word' id='word_1_129' title='bbox 203 2245 452 2325; x_wconf 75' lang='lat' dir='ltr'><strong>potest.</strong></span> <span class='ocrx_word' id='word_1_130' title='bbox 487 2235 695 2327; x_wconf 83' lang='lat' dir='ltr'><strong>Atqui</strong></span> <span class='ocrx_word' id='word_1_131' title='bbox 748 2236 933 2326; x_wconf 85' lang='lat' dir='ltr'><strong>pleni</strong></span> <span class='ocrx_word' id='word_1_132' title='bbox 979 2248 1138 2305; x_wconf 87' lang='lat' dir='ltr'><strong>sunt</strong></span> <span class='ocrx_word' id='word_1_133' title='bbox 1183 2233 1516 2324; x_wconf 84' lang='lat' dir='ltr'><strong>ejusmodi</strong></span> <span class='ocrx_word' id='word_1_134' title='bbox 1552 2259 1784 2324; x_wconf 78' lang='lat' dir='ltr'><strong>unpe-</strong></span> 
     </span>
     <span class='ocr_line' id='line_1_24' title="bbox 202 2323 1777 2418; baseline -0.001 -25"><span class='ocrx_word' id='word_1_135' title='bbox 202 2323 529 2396; x_wconf 82' lang='lat' dir='ltr'><strong>dimentis</strong></span> <span class='ocrx_word' id='word_1_136' title='bbox 594 2325 1189 2418; x_wconf 84' lang='lat' dir='ltr'><strong>grammaticorum</strong></span> <span class='ocrx_word' id='word_1_137' title='bbox 1256 2325 1721 2394; x_wconf 79' lang='lat' dir='ltr'><strong>commentarii</strong></span> <span class='ocrx_word' id='word_1_138' title='bbox 1756 2377 1777 2410; x_wconf 79' lang='lat'>‚</span> 
     </span>
     <span class='ocr_line' id='line_1_25' title="bbox 202 2415 1781 2508; baseline -0.001 -24"><span class='ocrx_word' id='word_1_139' title='bbox 202 2415 311 2484; x_wconf 77' lang='lat' dir='ltr'><strong>vix</strong></span> <span class='ocrx_word' id='word_1_140' title='bbox 362 2415 575 2507; x_wconf 75' lang='lat' dir='ltr'><strong>ipsiS‚</strong></span> <span class='ocrx_word' id='word_1_141' title='bbox 624 2418 739 2508; x_wconf 88' lang='lat' dir='ltr'><strong>qui</strong></span> <span class='ocrx_word' id='word_1_142' title='bbox 784 2427 1359 2508; x_wconf 83' lang='lat' dir='ltr'><strong>composuerunt,</strong></span> <span class='ocrx_word' id='word_1_143' title='bbox 1399 2415 1562 2483; x_wconf 77' lang='lat' dir='ltr'><strong>satis</strong></span> <span class='ocrx_word' id='word_1_144' title='bbox 1605 2415 1781 2483; x_wconf 84' lang='lat' dir='ltr'><strong>noti.</strong></span> 
     </span>
     <span class='ocr_line' id='line_1_26' title="bbox 201 2505 1860 2602; baseline -0.001 -28"><span class='ocrx_word' id='word_1_145' title='bbox 201 2512 377 2589; x_wconf 84' lang='lat' dir='ltr'><strong>Nam</strong></span> <span class='ocrx_word' id='word_1_146' title='bbox 424 2506 729 2598; x_wconf 86' lang='lat' dir='ltr'>Didymo</span> <span class='ocrx_word' id='word_1_147' title='bbox 786 2533 1055 2602; x_wconf 89' lang='lat' dir='ltr'><strong>quoque</strong></span> <span class='ocrx_word' id='word_1_148' title='bbox 1086 2559 1108 2591; x_wconf 84' lang='lat'>‚</span> <span class='ocrx_word' id='word_1_149' title='bbox 1159 2531 1293 2598; x_wconf 88' lang='lat' dir='ltr'><strong>quo</strong></span> <span class='ocrx_word' id='word_1_150' title='bbox 1343 2529 1542 2574; x_wconf 83' lang='lat' dir='ltr'><strong>nemo</strong></span> <span class='ocrx_word' id='word_1_151' title='bbox 1580 2505 1780 2598; x_wconf 85' lang='lat' dir='ltr'><strong>plura</strong></span> <span class='ocrx_word' id='word_1_152' title='bbox 1853 2519 1860 2526; x_wconf 83' lang='lat'>&#39;</span> 
     </span>
     <span class='ocr_line' id='line_1_27' title="bbox 204 2596 1780 2689; baseline 0 -23"><span class='ocrx_word' id='word_1_153' title='bbox 204 2596 481 2689; x_wconf 77' lang='lat' dir='ltr'><strong>scripsit</strong></span> <span class='ocrx_word' id='word_1_154' title='bbox 510 2651 529 2683; x_wconf 85' lang='lat'>‚</span> <span class='ocrx_word' id='word_1_155' title='bbox 588 2599 912 2668; x_wconf 81' lang='lat' dir='ltr'><strong>accidisse</strong></span> <span class='ocrx_word' id='word_1_156' title='bbox 978 2609 1396 2688; x_wconf 80' lang='lat' dir='ltr'><strong>compertum</strong></span> <span class='ocrx_word' id='word_1_157' title='bbox 1449 2608 1549 2664; x_wconf 87' lang='lat' dir='ltr'><strong>est</strong></span> <span class='ocrx_word' id='word_1_158' title='bbox 1582 2648 1601 2680; x_wconf 78' lang='lat'>‚</span> <span class='ocrx_word' id='word_1_159' title='bbox 1651 2609 1726 2666; x_wconf 76' lang='lat' dir='ltr'><strong>nt</strong></span> <span class='ocrx_word' id='word_1_160' title='bbox 1757 2651 1780 2682; x_wconf 83' lang='lat'>,</span> 
     </span>
     <span class='ocr_line' id='line_1_28' title="bbox 206 2688 1784 2780; baseline -0.001 -22"><span class='ocrx_word' id='word_1_161' title='bbox 206 2713 359 2758; x_wconf 84' lang='lat' dir='ltr'><strong>cum</strong></span> <span class='ocrx_word' id='word_1_162' title='bbox 384 2688 702 2762; x_wconf 14' lang='lat' dir='ltr'><strong>historiaeu</strong></span> <span class='ocrx_word' id='word_1_163' title='bbox 720 2689 987 2762; x_wconf 87' lang='lat' dir='ltr'><strong>cuidam</strong></span> <span class='ocrx_word' id='word_1_164' title='bbox 1012 2744 1030 2774; x_wconf 87' lang='lat'>‚</span> <span class='ocrx_word' id='word_1_165' title='bbox 1064 2702 1389 2780; x_wconf 74' lang='lat' dir='ltr'><strong>tanquam-</strong></span> <span class='ocrx_word' id='word_1_166' title='bbox 1413 2713 1600 2756; x_wconf 84' lang='lat' dir='ltr'><strong>vanae</strong></span> <span class='ocrx_word' id='word_1_167' title='bbox 1627 2741 1644 2771; x_wconf 85' lang='lat'><strong>‚</strong></span> <span class='ocrx_word' id='word_1_168' title='bbox 1679 2713 1784 2756; x_wconf 88' lang='lat' dir='ltr'><strong>re-</strong></span> 
     </span>
     <span class='ocr_line' id='line_1_29' title="bbox 204 2777 1778 2872; baseline 0.001 -26"><span class='ocrx_word' id='word_1_169' title='bbox 204 2793 581 2872; x_wconf 82' lang='lat' dir='ltr'><strong>pugnaret,</strong></span> <span class='ocrx_word' id='word_1_170' title='bbox 632 2781 847 2872; x_wconf 83' lang='lat' dir='ltr'><strong>ipsius</strong></span> <span class='ocrx_word' id='word_1_171' title='bbox 905 2781 1327 2872; x_wconf 78' lang='lat' dir='ltr'><strong>proferretur</strong></span> <span class='ocrx_word' id='word_1_172' title='bbox 1381 2777 1598 2862; x_wconf 86' lang='lat' dir='ltr'><strong>liber,</strong></span> <span class='ocrx_word' id='word_1_173' title='bbox 1659 2779 1778 2870; x_wconf 85' lang='lat' dir='ltr'><strong>qui</strong></span> 
     </span>
     <span class='ocr_line' id='line_1_30' title="bbox 204 2869 1786 3024; baseline -0.003 -86"><span class='ocrx_word' id='word_1_174' title='bbox 204 2896 353 2940; x_wconf 87' lang='lat' dir='ltr'><strong>eam</strong></span> <span class='ocrx_word' id='word_1_175' title='bbox 416 2870 835 2940; x_wconf 78' lang='lat' dir='ltr'><strong>continebat.</strong></span> <span class='ocrx_word' id='word_1_176' title='bbox 894 2870 1100 2960; x_wconf 85' lang='lat' dir='ltr'><strong>Quod</strong></span> <span class='ocrx_word' id='word_1_177' title='bbox 1163 2869 1391 2941; x_wconf 85' lang='lat' dir='ltr'><strong>evenit</strong></span> <span class='ocrx_word' id='word_1_178' title='bbox 1443 2869 1786 3024; x_wconf 52' lang='lat' dir='ltr'><strong>praecisae.</strong></span> 
     </span>
     <span class='ocr_line' id='line_1_31' title="bbox 204 2958 1780 3056; baseline -0.001 -28"><span class='ocrx_word' id='word_1_179' title='bbox 204 2958 277 3029; x_wconf 85' lang='lat' dir='ltr'><strong>in</strong></span> <span class='ocrx_word' id='word_1_180' title='bbox 316 2960 647 3031; x_wconf 80' lang='lat' dir='ltr'><strong>fabulosis</strong></span> <span class='ocrx_word' id='word_1_181' title='bbox 677 2986 885 3056; x_wconf 85' lang='lat' dir='ltr'><strong>usque</strong></span> <span class='ocrx_word' id='word_1_182' title='bbox 912 2963 997 3032; x_wconf 88' lang='lat' dir='ltr'><strong>ad</strong></span> <span class='ocrx_word' id='word_1_183' title='bbox 1030 2961 1408 3045; x_wconf 71' lang='lat' dir='ltr'><strong>deridicula</strong></span> <span class='ocrx_word' id='word_1_184' title='bbox 1428 3013 1446 3044; x_wconf 88' lang='grc'><strong>.,</strong></span> <span class='ocrx_word' id='word_1_185' title='bbox 1474 2985 1618 3051; x_wconf 86' lang='lat' dir='ltr'><strong>quae</strong></span> <span class='ocrx_word' id='word_1_186' title='bbox 1669 2981 1780 3026; x_wconf 83' lang='lat' dir='ltr'><strong>am</strong></span> 
     </span>
     <span class='ocr_line' id='line_1_32' title="bbox 206 3045 1785 3144; baseline -0.004 -24"><span class='ocrx_word' id='word_1_187' title='bbox 206 3053 413 3121; x_wconf 71' lang='lat' dir='ltr'><strong>etiam</strong></span> <span class='ocrx_word' id='word_1_188' title='bbox 450 3055 771 3144; x_wconf 89' lang='lat' dir='ltr'><strong>pudenda</strong></span> <span class='ocrx_word' id='word_1_189' title='bbox 807 3082 821 3122; x_wconf 75' lang='grc' dir='ltr'><em>τ</em></span> <span class='ocrx_word' id='word_1_190' title='bbox 874 3053 1053 3124; x_wconf 85' lang='lat' dir='ltr'><strong>unde</strong></span> <span class='ocrx_word' id='word_1_191' title='bbox 1088 3051 1590 3143; x_wconf 84' lang='lat' dir='ltr'><strong>improbissimo</strong></span> <span class='ocrx_word' id='word_1_192' title='bbox 1624 3045 1785 3114; x_wconf 87' lang='lat' dir='ltr'><strong>cui·-</strong></span> 
     </span>
     <span class='ocr_line' id='line_1_33' title="bbox 204 3136 1782 3239; baseline -0.001 -28"><span class='ocrx_word' id='word_1_193' title='bbox 204 3167 339 3238; x_wconf 85' lang='lat' dir='ltr'><strong>que</strong></span> <span class='ocrx_word' id='word_1_194' title='bbox 375 3143 699 3239; x_wconf 87' lang='lat' dir='ltr'><strong>pleraque</strong></span> <span class='ocrx_word' id='word_1_195' title='bbox 736 3144 1040 3238; x_wconf 73' lang='lat' dir='ltr'><strong>fingendi</strong></span> <span class='ocrx_word' id='word_1_196' title='bbox 1081 3143 1363 3236; x_wconf 69' lang='lat' dir='ltr'><strong>vlicentia</strong></span> <span class='ocrx_word' id='word_1_197' title='bbox 1408 3151 1506 3206; x_wconf 84' lang='lat' dir='ltr'><strong>est</strong></span> <span class='ocrx_word' id='word_1_198' title='bbox 1546 3163 1566 3220; x_wconf 83' lang='lat'>3</span> <span class='ocrx_word' id='word_1_199' title='bbox 1610 3136 1782 3210; x_wconf 78' lang='lat' dir='ltr'><strong>adeo</strong></span> 
     </span>
     <span class='ocr_line' id='line_1_34' title="bbox 208 3231 1781 3324; baseline -0.001 -20"><span class='ocrx_word' id='word_1_200' title='bbox 208 3245 284 3304; x_wconf 80' lang='lat' dir='ltr'><strong>ut</strong></span> <span class='ocrx_word' id='word_1_201' title='bbox 330 3233 415 3303; x_wconf 89' lang='lat' dir='ltr'><strong>de</strong></span> <span class='ocrx_word' id='word_1_202' title='bbox 470 3233 665 3306; x_wconf 77' lang='lat' dir='ltr'><strong>libris</strong></span> <span class='ocrx_word' id='word_1_203' title='bbox 708 3237 909 3324; x_wconf 78' lang='lat' dir='ltr'><strong>totis,</strong></span> <span class='ocrx_word' id='word_1_204' title='bbox 946 3249 1014 3308; x_wconf 85' lang='lat' dir='ltr'><strong>et</strong></span> <span class='ocrx_word' id='word_1_205' title='bbox 1046 3231 1444 3308; x_wconf 80' lang='lat' dir='ltr'><strong>auctoribus</strong></span> <span class='ocrx_word' id='word_1_206' title='bbox 1467 3282 1486 3317; x_wconf 84' lang='lat'>,</span> <span class='ocrx_word' id='word_1_207' title='bbox 1523 3240 1598 3298; x_wconf 89' lang='lat' dir='ltr'><strong>ut</strong></span> <span class='ocrx_word' id='word_1_208' title='bbox 1632 3253 1781 3316; x_wconf 71' lang='lat' dir='ltr'><strong>suo-</strong></span> 
     </span>
    </p>
   </div>
   <div class='ocr_carea' id='block_1_2' title="bbox 272 3358 607 3431">
    <p class='ocr_par' dir='ltr' id='par_1_3' title="bbox 272 3358 607 3431">
     <span class='ocr_line' id='line_1_35' title="bbox 272 3358 607 3431; baseline 0.009 -22"><span class='ocrx_word' id='word_1_209' title='bbox 272 3358 337 3431; x_wconf 83' lang='lat'><strong>(1</strong></span> <span class='ocrx_word' id='word_1_210' title='bbox 358 3358 381 3429; x_wconf 90' lang='lat'>)</span> <span class='ocrx_word' id='word_1_211' title='bbox 405 3359 607 3414; x_wconf 76' lang='lat' dir='ltr'><strong>Saltem.</strong></span> 
     </span>
    </p>
   </div>
  </div>
 </body>
</html>
