2175 3809
364 15 377 51 t

306 255 425 322 82.
739 253 926 322 Lu.
970 255 1073 322 11.
1121 255 1306 323 CAr.
1353 257 1489 323 Iv.

298 345 599 414 silioaem
623 392 645 427 ‚
679 355 751 413 et
790 370 829 414 a
862 343 1085 414 media
1121 345 1195 414 in
1227 358 1585 439 utramque
1619 349 1894 440 partein

301 433 689 505 discurrere
731 461 893 506 sane
938 437 1185 507 merito
1226 451 1602 530 cogantur3
1633 437 1754 512 sed
1793 437 1892 508 ad

302 526 739 624 praeceptoris
763 533 863 616 (1)
883 531 1240 622 gremium,
1261 541 1330 598 et
1349 529 1511 600 dum
1531 529 1720 599 aliud
1741 555 1890 600 non

301 631 627 732 possunt,
675 633 744 688 et
778 620 940 690 dum
975 646 1081 689 res
1115 647 1194 691 ac
1238 620 1446 692 verba
1477 633 1894 691 connectere

300 709 686 802 lncipiunt‚
713 723 787 781 ut
812 713 1128 804 protinus
1153 713 1550 783 memoriam
1574 712 1850 782 firment
1865 717 1900 806 ᾗ
1975 772 1986 782 ,

301 797 439 885 ita,
484 811 638 872 cum
674 805 810 889 jam
842 804 1132 873 formam
1175 817 1372 876 rectae
1405 817 1608 898 atque
1639 829 1900 873 emen-

301 890 475 964 datae
536 893 871 965 orationis
930 897 1274 988 accipient
1324 947 1344 980 ‚
1405 895 1895 988 extemporalis

300 983 671 1082 garrulitas
695 1039 714 1071 ‚
748 1013 877 1057 nec
910 1001 1294 1080 exspectata
1319 988 1646 1080 cogitatio
1667 999 1741 1056 ‘et
1778 987 1896 1056 vix

302 1078 633 1170 surgendi
690 1104 921 1164 mora,
970 1079 1420 1150 circulatoriae
1475 1105 1632 1150 vere
1677 1083 1898 1168 jacta-

300 1167 517 1239 tionis
576 1177 711 1241 est)
752 1171 941 1241 Hinc
992 1184 1353 1276 parentum
1409 1169 1894 1262 imperitorum

302 1257 513 1330 inane
569 1262 934 1355 gaudium,
992 1263 1158 1355 ipsis
1227 1288 1389 1332 vero
1456 1275 1900 1353 contemptus

302 1354 532 1444 operis
570 1405 589 1437 ‚
647 1367 717 1426 et
771 1353 1244 1424 inverecunda
1289 1353 1528 1437 frons,
1583 1367 1651 1422 et
1704 1378 1896 1422 con-

305 1445 601 1514 suetudo
634 1445 920 1550 pessime
941 1443 1217 1515 dicendi
1251 1498 1270 1530 ‚
1312 1457 1382 1514 et
1429 1452 1528 1530 (2)
1552 1445 1904 1514 malorum

304 1537 703 1607 exercitatio
727 1589 747 1620 ‚
773 1548 877 1619 et,
918 1561 1065 1629 quae
1101 1561 1382 1628 magnos
1415 1541 1898 1630 quoque'pro-

301 1625 525 1698 fectus
575 1627 969 1721 frequenter
1030 1626 1380 1719 perdidit,
1427 1653 1752 1720 arrogans
1800 1625 1898 1696 de:

303 1743 377 1790 se
432 1719 783 1812 persuasio
838 1719 1241 1790 innascitur.
1287 1719 1438 1796 Erit
1494 1745 1692 1788 suum
1751 1744 1905 1814 pa-

300 1810 531 1882 randae
580 1812 890 1882 facultati
935 1824 1204 1906 tempus
1235 1864 1257 1895 ‚
1287 1837 1416 1898 nec
1461 1836 1499 1878 a
1531 1809 1732 1881 nobis
1767 1834 1895 1878 ne·—

295 1902 646 2010 gligenter
700 1905 889 1976 locus
947 1904 1073 1973 iste
1120 1903 1552 1974 transibitur.
1601 1902 1896 1974 Interim

298 2007 467 2065 satis
491 2009 589 2066 est
609 2005 736 2082 (3),
769 1997 823 2066 si
852 2021 1022 2088 puer
1042 1997 1232 2066 omni
1267 2021 1454 2082 cura,
1479 2006 1549 2063 et
1582 2008 1892 2077 summo,

302 2101 638 2178 quantum
680 2101 849 2181 ‚aetas
892 2087 1009 2156 illa
1056 2088 1287 2180 capit,
1333 2087 1564 2156 labore
1620 2085 1896 2177 aliquid

298 2178 660 2336 Krobahile
721 2178 1126 2268 scripserit3
1180 2179 1252 2248 in
1306 2179 1438 2249 hoc
1491 2189 1894 2261 assuescat,

356 2271 507 2352 ujus
541 2269 635 2339 rei
672 2281 985 2338 naturam
1022 2269 1155 2338 sibi
1182 2269 1409 2340 faciat.
1442 2267 1566 2338 Ille
1609 2267 1892 2338 demum

301 2357 375 2428 in
430 2359 499 2429 id
544 2361 731 2454 quod
783 2361 1146 2454 quaerimus
1173 2415 1194 2447 ‚
1231 2374 1350 2432 aut
1389 2360 1454 2432 ei
1499 2360 1896 2454 proximum.

298 2454 557 2542 poterit
618 2452 904 2523 evadere
932 2507 951 2538 ‚
1015 2454 1133 2548 qui
1192 2468 1352 2526 ante
1418 2452 1638 2526 discet
1698 2464 1894 2524 recte

301 2542 570 2626 dicere,
620 2571 822 2638 quam
876 2545 1037 2615 cito,

393 2639 477 2703 ΙΙ.
502 2635 1029 2708 Nar-rationibus
1058 2661 1200 2705 non
1227 2632 1571 2706 inutiliter
1597 2633 1892 2724 subjun—

296 2722 487 2826 gitur
500 2754 670 2824 opus
690 2727 1087 2800 destruendi
1119 2726 1846 2818 confirmandiqueeas
1862 2779 1890 2812 ‚

296 2818 489 2910 quod
516 2831 765 2895 ima-nem}
790 2830 888 2890 u?
908 2828 1207 2896 zano-nem?
1242 2831 1544 2890 vocatur.
1571 2818 1650 2889 ld
1676 2844 1894 2910 porro

296 2919 442 2984 non
482 2924 746 2982 tantum
782 2909 853 2980 in
904 2909 1235 2980 fabulosis
1279 2924 1349 2984 et
1398 2910 1702 2982 carmine
1732 2922 1894 2985 tra·-

297 2999 660 3084 ditisfieri
718 3015 941 3094 potest
977 3055 993 3082 ‚
1047 3001 1287 3072 'verum
1343 3003 1549 3075 etiam
1593 3002 1666 3073 in
1717 3001 1892 3094 ipsis

297 3096 653 3165 annalium
698 3093 1160 3168 monumentis
1189 3119 1216 3180 ;
1251 3108 1324 3164 ut
1353 3147 1374 3183 ,
1405 3093 1464 3166 si
1498 3101 1890 3188 quaeratur3

329 3298 338 3306 .
364 3254 427 3322 (ι
450 3259 471 3315 )
508 3255 644 3306 Dum
676 3253 843 3316 adhue
882 3251 1028 3320 pueri
1050 3265 1185 3310 snm.
1293 3281 1300 3291 ,

405 3340 435 3373 2
500 3318 797 3370 Ex‹-reitatio
827 3319 881 3368 in
913 3320 1066 3370 rebus
1099 3316 1262 3371 malit·
1393 3323 1400 3330 '

360 3321 469 3456 233
490 3385 607 3438 Lib.
636 3400 731 3456 ιοι
759 3403 871 3454 cap.
898 3402 947 3454 7.
