2175 3809
554 234 669 299 ΒΕ
715 252 906 301 noers
954 251 1548 299 Aneumnuronun.
1687 248 1816 317 271

247 330 348 392 est
371 318 487 389 his
521 318 795 401 initium
829 345 909 389 ex
942 319 1063 403 iis„
1094 344 1240 411 quae
1284 318 1657 389 creduntur
1686 317 1833 387 bo·-

247 436 336 479 na
363 456 383 486 ‚
411 423 534 479 aut
588 409 803 479 mala:
841 408 1002 495 inde
1057 435 1321 479 errores
1375 410 1717 494 existunt,
1748 419 1830 480 et

246 492 526 591 pessimi
547 499 831 570 affectus
848 525 872 586 3
889 502 959 569 in
979 498 1230 593 quibus
1245 508 1401 569 sunt
1425 500 1549 583 ira,
1566 498 1833 582 odium,
1920 576 1931 580 ,

245 590 547 677 invidia,
567 591 904 684 cupiditas
923 644 942 677 ,
962 616 1113 683 spes
1128 641 1146 675 -‚
1169 590 1497 674 ambitus,
1519 588 1841 681 audacia„

243 694 469 750 metus
491 735 508 766 ,
537 694 906 775 caeteraque
933 682 1238 772 ejusdem
1254 680 1548 775 generis.

335 788 702 859 Accedunt
727 787 1098 881 aliquando
1140 790 1424 861 fortuita
1442 840 1463 873 ,
1494 786 1832 873 ebrietas,

245 878 665 971 ignorantia.
713 886 882 967 Quae
916 879 1195 951 interim
1236 880 1644 950 adveniam
1698 904 1863 954 va-.

245 968 392 1039 lent
413 1022 434 1053 ,
457 970 734 1040 interim
752 970 838 1040 ad
863 970 1340 1059 probationem
1367 970 1721 1054 criminis;
1748 978 1829 1037 ut
1928 1038 1935 1052 ,

245 1059 302 1130 si
359 1062 514 1153 quis
538 1113 556 1144 ,
605 1060 768 1131 dum
820 1060 938 1131 alii
987 1061 1355 1133 insidiatur
1384 1113 1402 1145 ,
1456 1061 1669 1131 alium
1718 1059 1825 1130 di·-

245 1162 444 1220 cetur
461 1151 968 1235 interemisse...

320 1264 696 1327 Ducuntur
713 1269 1115 1327 arcumenta
1129 1269 1193 1326 et
1214 1264 1401 1341 exo)
1430 1257 1603 1327 loco.
1621 1259 1825 1349 Spec-

242 1342 435 1417 tatiir
458 1348 641 1417 enim
673 1348 760 1417 ad
789 1310 995 1417 fidem
1026 1346 1456 1440 probationis
1491 1375 1508 1416 ε
1540 1352 1827 1426 monta·-

246 1462 380 1507 nus
403 1492 420 1521 ‚
445 1462 532 1507 an
560 1439 803 1531 planus
820 1464 843 1524 3
863 1438 1279 1523 maritimus,
1312 1463 1399 1507 an
1427 1438 1829 1514 mediterra-

247 1554 462 1615 neus;
505 1530 848 1613 consitus,
913 1554 999 1599 an
1059 1529 1405 1615 incultus;
1462 1532 1783 1621 frequens
1806 1581 1833 1614 ,

246 1641 348 1687 an·
370 1619 678 1689 desertus
703 1646 724 1703 ;
757 1621 1221 1725 propinqum,
1249 1643 1337 1689 an
1368 1634 1669 1692 remotus
1688 1646 1829 1711 op-
1934 1694 1940 1705 ,

245 1722 590 1801 portunus
633 1710 986 1791 consiliis,
1045 1733 1131 1777 an
1200 1710 1566 1779 adversus:
1622 1724 1833 1801 quam

298 1812 511 1869 artem
541 1799 852 1869 videmus
873 1799 1465 1871 vehementissime
1516 1824 1642 1890 pro
1668 1799 1831 1867 mi·-

276 1914 407 1960 one
438 1904 759 1962 tractasse
791 1890 1217 1959 Ciceronem.
1253 1895 1342 1958 Et
1365 1889 1518 1979 haec
1541 1887 1827 1979 quidem·

243 1993 318 2049 et
359 1981 608 2056 simnia
633 1982 720 2051 ad
749 1987 1187 2073 conjecturam
1214 1978 1641 2073 frequentius
1677 2005 1833 2071 per-

243 2072 528 2141 tinent:
563 2072 680 2143 sed
724 2072 1002 2142 interim
1033 2070 1122 2141 ad
1168 2077 1274 2163 jus
1320 2096 1635 2164 quoque:
1688 2070 1839 2163 pri-12

243 2177 476 2247 vatus,
503 2189 592 2231 an
643 2163 1004 2256 publicus;
1037 2186 1228 2233 sacer
1255 2216 1272 2246 ,
1306 2189 1395 2231 an
1446 2162 1774 2254 profanus
1800 2188 1826 2248 3

245 2266 518 2335 noster,
557 2280 642 2321 an
671 2254 938 2322 alienus
961 2268 1088 2337 ;·u.t
1122 2254 1189 2323 in
1223 2278 1551 2345 persona,
1578 2254 1833 2345 magis·-

241 2356 466 2415 tratus
483 2398 504 2431 ,
525 2356 740 2437 pater,
761 2344 1183 2503 peressrinus.
1202 2344 1389 2415 Hinc
1414 2345 1599 2415 enim
1618 2370 1840 2439 quaes--

243 2435 473 2505 tiones
505 2435 828 2504 oriuntur
863 2461 878 2503 ε
981 2440 1263 2506 rivalam
1338 2440 1635 2506 ecuniam
1678 2462 1824 2507 sus-

245 2524 464 2597 tulisti
491 2552 516 2595 .·
553 2549 767 2596 verum
797 2531 956 2619 quia
988 2527 1072 2597 de
1093 2539 1260 2617 temp
1290 2552 1331 2598 ο
1349 2580 1369 2612 ,
1396 2528 1827 2620 nonfurtum,

242 2619 373 2689 sed
411 2617 834 2707 sacrilegium
880 2630 1044 2687 est...

340 2709 449 2779 Ad
527 2708 866 2779 ualitalem
899 2734 1170 2803 quoqu-e
1220 2708 1321 2779 fre
1372 2720 1617 2779 uenter
1674 2732 1831 2801 per-

244 2800 430 2869 tinet
515 2826 699 2871 ocus.
761 2807 998 2893 Neque
1049 2801 1235 2871 enim
1306 2800 1329 2869 i
1383 2824 1487 2869 em
1554 2798 1811 2891 ubique

186 2952 192 2957 .
249 2903 372 2960 aut
439 2891 634 2976 licet,
693 2902 814 2961 aut
844 2892 1169 2961 decorum
1218 2904 1363 2959 est-t
1412 2890 1845 2981 quinetiam,

247 2982 325 3050 in
385 3008 519 3073 qua
563 2982 856 3075 quicque
902 2981 1177 3053 civitate
1210 2991 1591 3073 quaeratur,
1651 2980 1832 3048 inte-

247 3084 409 3141 rest.
479 3072 795 3145 Moribus
855 3072 1042 3145 enim
1094 3085 1163 3142 et
1218 3066 1483 3161 legibus
1545 3068 1827 3141 distant.

318 3258 403 3324 (α)
425 3220 604 3309 Locus.
642 3260 764 3325 Agr.
787 3278 836 3313 ιι.
853 3218 1010 3328 ιι.’94“.
1027 3262 1127 3313 Pro
1150 3257 1365 3323 Milone,
1385 3274 1439 3309 u.
1456 3254 1538 3310 53.
1557 3258 1753 3328 Philip.
1782 3278 1833 3319 α.

251 3356 306 3394 n.
335 3338 420 3393 63.
461 3340 574 3405 104.
608 3339 720 3393 105.
957 3360 962 3367 ·

1384 3410 1465 3474 Μ
1510 3420 1555 3502 4
1628 3494 1632 3497 ,
