2175 3809
430 289 581 368 ‘11⁷6
775 294 909 372 '12'1
931 323 993 370 n.
1034 302 1136 368 11.
1177 291 1356 370 CA‘P.
1403 290 1605 370 XVI.

444 413 591 478 non
624 390 1001 482 Hyperidis
1032 392 1332 474 actione,
1369 413 1760 483 quanquam
1789 385 2035 462 admi-

414 475 652 549 rabili
679 533 697 564 ‚
731 480 851 550 sed
884 495 1254 572 conspectu
1289 509 1406 552 cor
1455 482 1624 565 oris,
1657 480 1840 573 quod
1872 479 2034 564 illa,

416 570 1020 662 speciosissimum
1052 572 1352 666 alioqui,
1385 509 1666 642 diducta
1708 570 2034 642 nudave-

418 673 549 730 sat
620 663 852 732 tunica
884 716 903 747 .,
970 677 1217 756 putant
1275 663 1580 755 periculo
1613 663 2032 736 liberatam.

442 757 617 839 Quae
654 753 709 822 si
760 754 993 824 omnia
1039 753 1486 847 persuadent,
1529 779 1678 827 non
1711 766 1812 823 est
1851 753 2032 840 hie,

410 841 533 913 de
614 869 703 912 uo
731 843 945 914 locuti
978 871 1250 930 sumus,
1289 846 1578 918 idoneus
1611 845 1789 919 finis,

530 940 561 1002 1
612 961 831 1028 eoque
886 935 1382 1030 diligentiores.
1425 937 1552 1007 visi
1619 949 1778 1006 sunt
1841 934 1974 1005 sibi
2005 988 2028 1022 ‚

438 1025 611 1118 qui,
662 1051 817 1096 cum
876 1025 961 1096 de
1000 1027 1342 1098 rhetorice
1397 1026 1579 1098 idem
1629 1027 2020 1114 sentirent,

438 1115 995 1188 existimaverunt
1030 1145 1178 1196 eam
1201 1171 1216 1201 ‚
1267 1123 1392 1190 vim
1439 1119 1716 1189 dicendo
1749 1143 2030 1208 persua-

436 1207 660 1278 dendi.
698 1213 922 1296 Quem
955 1208 1164 1282 finem
1199 1209 1486 1302 Gorgias
1521 1209 1595 1280 in
1629 1209 1900 1292 eodem,
1935 1209 2026 1280 de

410 1324 575 1390 'quo
641 1324 847 1390 supra
888 1299 1182 1370 diximus
1231 1299 1454 1386 libro,
1497 1300 1688 1372 velut
1747 1312 2026 1372 coactus

438 1414 479 1458 a
542 1396 819 1461 Socrate
886 1390 1049 1463 facit
1098 1416 1122 1475 3
1187 1415 1226 1460 a
1293 1417 1427 1485 quo
1457 1455 1464 1462 .
1490 1417 1631 1463 non
1699 1390 2026 1465 dissentit

438 1479 907 1564 Theodectes,
942 1481 1084 1551 sive
1119 1481 1333 1571 ipsius
1358 1481 1430 1552 id
1457 1489 1628 1572 opus
1661 1495 1792 1566 est,
1823 1482 2020 1576 quod

430 1571 519 1640 de
560 1571 881 1641 rhetorice
914 1571 1194 1644 nomine
1228 1575 1380 1661 ejus
1429 1571 1878 1658 inscribitur3
1927 1575 2022 1644 si-

431 1687 513 1732 ve
548 1715 568 1748 ,
611 1673 691 1732 ut
730 1659 1063 1732 creditum
1106 1673 1254 1746 est,
1289 1661 1729 1750 Aristotelis3
1770 1664 1844 1734 in
1877 1691 2018 1758 quo

428 1765 569 1838 est,
604 1753 813 1825 finem
844 1778 989 1822 esse
1008 1751 1379 1826 ,rhetorices
1401 1807 1420 1839 ‚
1455 1754 1691 1828 ducere
1718 1755 2018 1832 homines

427 1845 709 1916 dicendo
741 1847 813 1914 in
855 1845 937 1916 id
961 1845 1149 1938 quod
1171 1855 1362 1916 actor
1387 1845 1557 1917 velit.
1605 1847 1736 1918 Sed
1773 1873 1865 1918 ne
1885 1847 2018 1920 hic

418 1965 431 1980 =
480 1935 711 2006 uidem
744 1936 909 2006 satis
950 1949 1052 2006 est
1093 1935 1700 2028 comprehensum3
1728 1965 2013 2045 persua-

426 1961 594 2098 dent
620 2028 807 2098 enim
840 2026 1170 2112 dicendo,
1200 2029 1308 2100 vel
1339 2027 1601 2100 ducunt
1625 2031 1698 2101 in
1725 2030 1800 2101 1d
1821 2031 2014 2124 quod

424 2117 718 2203 volunt,
762 2117 879 2188 alii
912 2143 1186 2211 quoque
1213 2172 1232 2204 ‚
1273 2133 1350 2189 ut
1380 2120 1806 2210 memetrieeS,
1837 2123 2013 2196 adu-

432 2207 687 2278 latores
710 2259 731 2294 ,
766 2222 1224 2301 corruptores.
1253 2216 1348 2281 At
1391 2225 1627 2287 contra
1661 2241 1808 2289 non
1839 2241 2012 2308 per-

402 2299 662 2370 -suadet
698 2325 967 2406 semper
1009 2315 1281 2388 oraton
1314 2317 1390 2374 ut
1430 2305 1706 2381 interim
1739 2333 1880 2378 non
1920 2309 2011 2378 sit

416 2390 741 2482 proprius
787 2391 903 2462 hic
946 2391 1104 2464 finis
1144 2400 1339 2488 ejus-‚3
1383 2396 1662 2470 interim
1695 2399 1784 2468 sit
1815 2426 2004 2472 com-

393 2482 646 2552 -munis
702 2508 881 2557 ,cum
950 2484 1035 2555 iis
1095 2486 1214 2580 qui
1271 2487 1356 2558 ab
1422 2502 1693 2560 oratore
1753 2492 1999 2584 procul

419 2569 763 2646 absunt....

516 2666 815 2753 Quidam
866 2672 1291 2758 recesserunt
1331 2669 1416 2740 ab
1465 2685 1714 2751 eventu
1747 2725 1765 2758 ,
1821 2673 2008 2744 sicut

412 2756 817 2828 Aristotele-s
848 2766 948 2844 (1)
970 2813 989 2840 ,
1015 2761 1134 2852 qui
1162 2761 1329 2832 dicit
1365 2790 1378 2830 ε
1405 2764 1758 2836 Rhetorice
1777 2777 1880 2837 est
1903 2771 2003 2836 vis

410 2851 785 2922 inveniendi
814 2855 1037 2921 omnia
1072 2857 1142 2920 in
1178 2859 1476 2924 oratione
1549 2855 1998 2928 ersuasibilia.

336 2963 339 2966 ·
389 2939 759 3027 ‚Quifi'nis
806 2953 872 3011 et
919 2942 1093 3012 illud
1145 2943 1386 3016 vitium
1417 2998 1436 3031 ‚
1529 2973 1565 3017 e
1619 2973 1754 3040 quo
1789 2972 1998 3037 supra

412 3027 752 3116 diximus,
810 3030 1053 3102 habet:
1101 3046 1170 3102 et
1215 3036 1542 3129 insuper,
1585 3037 1772 3131 quod
1813 3039 1998 3129 nihil

386 3119 544 3196 ,nisi
586 3127 1009 3194 inventionem
1066 3127 1594 3219 compiectitur,
1643 3153 1790 3222 quae
1839 3129 1994 3208 siue

357 3207 767 3295 se’locmstz'one
820 3241 959 3284 non
1026 3230 1126 3286 est
1183 3218 1496 3290 oratiom.

498 3305 803 3391 Apparet
830 3331 909 3374 ex
933 3309 1191 3402 Gorgia
1213 3310 1488 3382 Platoni
1515 3337 1658 3386 non
1693 3309 1994 3384 rhetori-

476 3417 577 3488 (ι)
611 3419 730 3476 Lib.
758 3443 803 3476 ι.
833 3427 979 3482 Rhet.
