2175 3809
829 232 895 297 D
922 253 963 297 E
1045 231 1111 299 R
1135 255 1160 297 1
1186 253 1216 299 s
1243 254 1313 299 υ.
1727 239 1861 322 349

284 319 361 391 id
386 333 567 391 recte
587 318 1013 409 judico‚sive
1046 346 1274 409 amore
1297 321 1662 393 immodico
1693 350 1862 416 prae-

282 412 577 505 cipuixin
614 412 1001 505 eloquentia
1022 412 1164 481 ‘viri
1200 411 1860 507 lab01·0‚miraquae-

280 504 441 573 dam
484 494 755 575 vi'detur
794 504 866 573 in
898 530 980 573 eo
1014 503 1220 573 fuisse
1272 504 1642 575 urbanitas.
1684 514 1858 579 Nam

279 607 354 663 et
403 596 475 664 in
530 621 843 665 sermone
898 594 1309 691 quotidiano
1361 594 1620 681 multa,
1664 610 1732 666 et
1782 600 1858 671 in

275 684 822 757 altercationibus
850 739 869 770 ,
919 700 989 757 et
1024 686 1528 779 interrogandis
1568 689 1856 759 testibus

278 778 503 883 plura,
537 805 737 871 quam
764 779 1146 871 quisquam,
1173 778 1344 849 dixit
1378 778 1631 849 facete:
1663 786 1764 864 (1)
1787 793 1861 850 et

277 868 403 937 illa
436 870 619 962 ipsa,
658 897 805 963 quae
830 884 991 941 sunt
1026 870 1098 940 in
1131 878 1415 941 Verrem
1447 868 1628 939 dicta
1665 870 1858 963 frigi-

276 958 437 1029 dius
470 1014 489 1043 ,
542 960 697 1031 aliis
726 961 1140 1054 assignavit,
1192 976 1260 1031 et
1296 960 1666 1031 testimonii
1703 961 1854 1036 loco

274 1053 509 1143 posuit
547 1080 564 1122 ε
602 1066 676 1122 ut
700 1106 719 1137 ‚
754 1080 890 1147 quo
930 1065 1087 1123 sunt
1122 1053 1336 1146 magis
1379 1051 1685 1145 vulgaria
1711 1106 1729 1137 ‚
1772 1080 1854 1125 eo

274 1142 370 1211 sit
410 1144 847 1229 credibilius,
897 1145 1015 1214 illa
1048 1146 1134 1213 ab
1167 1158 1437 1214 oratore
1486 1169 1625 1213 non
1660 1143 1856 1230 ficta,

274 1233 400 1303 sed
438 1236 683 1327 passim
718 1262 859 1305 esse
894 1240 1166 1324 jactata.
1192 1236 1473 1305 Utinam
1503 1241 1602 1320 (2)
1633 1236 1858 1323 Quin-

266 1336 389 1403 ,tus
419 1377 438 1410 ‚
498 1340 564 1396 et
629 1326 915 1398 libertus
971 1331 1118 1417 ejus
1189 1334 1380 1419 Tyro
1417 1378 1436 1409 ,
1498 1339 1614 1396 aut
1679 1327 1854 1399 alius

274 1416 587 1510 quisquis
655 1418 785 1488 fuit
817 1472 837 1504 ‚
910 1418 1027 1513 qui
1093 1432 1229 1501 tres
1297 1419 1424 1488 hac
1485 1417 1572 1487 de
1625 1444 1696 1487 re
1757 1418 1856 1489 li·-

272 1504 437 1577 bros
516 1510 735 1579 edidit
766 1564 785 1595 ‚
843 1510 1112 1604 parcius
1192 1511 1512 1583 dictorum
1567 1535 1854 1585 numero

276 1596 769 1685 indulsissent,
804 1616 872 1672 et
908 1602 1059 1695 plus
1093 1601 1330 1692 judicii
1370 1603 1440 1672 in
1479 1600 1878 1707 gligendis„

262 1716 479 1782 ,quam
514 1692 586 1759 in
615 1693 1065 1783 congerendis
1096 1693 1306 1763 studii
1340 1693 1854 1763 adhibuissent:

275 1783 503 1853 min-us
536 1784 846 1872 objectus
872 1784 1452 1853 calumniantibus
1476 1784 1694 1852 foret:
1731 1784 1852 1874 qui

268 1885 501 1943 ‘tamen
532 1901 717 1945 nunc
747 1901 883 1967 quo
934 1901 1055 1959 ue,
1084 1874 1258 1943 utin
1284 1872 1470 1943 omni
1497 1878 1642 1963 ejus
1669 1874 1854 1979 inge}-

270 1964 397 2033 nio
416 2018 437 2049 ‚
471 1966 739 2036 facilius
765 1902 933 2071 quid
966 1964 1198 2057 rejici,
1221 1990 1423 2059 quam
1451 1965 1621 2057 quid
1644 1964 1852 2055 adjlci

276 2058 530 2148 possit,
581 2058 958 2127 invement.
1067 2066 1073 2071 ’

362 2150 583 2217 Affert
606 2162 832 2219 autem
857 2174 1187 2219 summam
1213 2146 1312 2217 rei
1339 2146 1848 2219 difficultatem-2

260 2242 379 2325 ,(3)
412 2240 705 2331 primum
728 2292 747 2325 ‚
797 2239 980 2333 quod
1014 2239 1382 2311 ridiculum
1418 2239 1677 2309 dictum
1707 2238 1852 2331 ple-

272 2354 561 2421 rumque
596 2331 847 2400 salsum
880 2345 1018 2414 est,
1051 2331 1185 2401 hoc
1241 2356 1508 2421 semper
1557 2330 1852 2417 humile,

272 2446 444 2513 saepe
479 2447 557 2491 ex
594 2420 932 2493 industria
994 2420 1482 2515 depravatum3
1527 2436 1850 2514 praeterea

269 2536 622 2606 nunquam
654 2513 1159 2598 honorificum;
1207 2527 1350 2583 tum
1395 2514 1580 2583 varia
1628 2514 1849 2597 homia-

270 2630 437 2673 num
462 2606 719 2694 judicia
741 2608 809 2677 in
834 2634 939 2690 eo,
962 2605 1121 2699 quia
1140 2632 1276 2674 non
1307 2605 1571 2673 ratione
1595 2605 1845 2696 aliqua,

271 2694 393 2765 sed
432 2710 621 2766 motu
672 2699 967 2790 quodam
992 2750 1012 2783 ‚
1046 2695 1278 2765 nescio
1309 2720 1396 2767 an
1432 2695 1844 2783 enarrabili,

372 2828 434 2901 ⁸1)
483 2837 529 2887 3.
559 2836 704 2903 Verr.
750 2855 862 2889 121.
978 2844 1027 2871 ¹*

254 2951 263 2959 ,
338 2834 453 2969 ξω)
488 2904 589 2953 Alii
612 2904 814 2969 legunt:
852 2902 1154 2969 Utinamque
1169 2901 1365 2951 libertus
1383 2900 1482 2965 ejus
1520 2900 1680 2966 Τγνυ.
1705 2902 1846 2969 Tyro

266 2967 491 3029 Tunius,
518 2968 772 3021 Ciceronis
796 2969 1025 3031 libertus,
1054 2981 1149 3019 tres
1177 2968 1328 3018 libros
1347 2957 1503 3016 edidit
1526 2966 1587 3015 dc
1615 2966 1739 3027 5oeis
1763 2968 1848 3018 ci-

267 3033 561 3089 ceronianis.
590 3034 871 3087 Macrobius
896 3049 1057 3085 tamen
1077 3034 1148 3084 ait
1166 3034 1426 3082 nonnullos
1441 3030 1720 3083 existimare
1735 3070 1752 3098 ,
1771 3034 1845 3084 li-

249 3104 382 3151 ·bros
403 3120 429 3151 a
452 3101 693 3150 Cicerone
716 3102 1015 3169 conscriptos
1036 3100 1201 3149 fuisse.
1239 3098 1397 3149 Tum.
1493 3098 1510 3106 ’

289 3221 297 3224 ,
341 3166 437 3241 (23)
470 3165 697 3230 Salsum,
723 3186 809 3217 seu
836 3168 1081 3241 scurrile,
1111 3182 1298 3233 semper
1313 3176 1381 3214 est
1419 3162 1608 3215 hunnile.
1637 3162 1732 3211 Ex
1767 3166 1844 3243 ‘'¹2‘'

268 3234 459 3283 dustria
484 3230 799 3297 depravatum
814 3232 1083 3299 .··intenig1t
1115 3229 1371 3306 ridwulwvf
1387 3229 1602 3297 quodem·
1622 3229 1844 3295 quadam

269 3300 543 3364 depravata
561 3301 829 3348 imitatione
846 3301 974 3347 sumi
990 3298 1131 3358 solet,
1154 3310 1209 3345 ut
1227 3296 1297 3345 ait
1313 3297 1489 3346 Clcero
1505 3295 1540 3345 l.
1561 3313 1606 3346 α.
1629 3294 1690 3345 de
1705 3297 1849 3355 Orat⁴

269 3383 323 3419 n.
349 3364 461 3431 242.
484 3380 735 3432 nunquam
768 3363 1124 3441 hormrfiqum,
1145 3360 1246 3431 ipsi
1265 3362 1456 3417 scilicet.
1477 3359 1679 3419 oratori.
1727 3416 1745 3429 ,
