2175 3809
769 192 904 262 nn
955 196 1423 266 Tnsrnnvs.
1708 196 1845 269 253

269 283 542 378 tingat,
587 282 1105 375 explicabimus,
1140 290 1239 369 (ι)
1282 309 1491 377 quum
1514 284 1599 355 ad
1632 285 1843 359 desti-

265 389 513 475 natum
545 374 708 445 huie
731 375 905 467 parti
927 374 1151 461 locum
1178 376 1582 447 venerimus.
1602 382 1695 447 Ea
1734 404 1840 449 res

269 476 592 559 suggeret
624 467 974 535 materiam
1009 466 1531 558 interrogationi
1561 520 1579 549 ,
1629 482 1695 537 et
1727 494 1840 539 ve·-

267 556 404 625 luti
437 556 574 625 tela
597 555 686 627 ad
705 581 978 625 manum
998 552 1561 627 subministrabit.
1581 557 1839 629 Eadem

269 646 590 731 debebit,
651 646 736 715 ad
783 672 926 738 quae
980 644 1226 732 judicis
1272 647 1539 718 animus
1584 654 1841 717 aclionc

135 732 214 823 ἱ
269 737 360 807 sit
391 736 893 829 praeparandus.
919 734 1143 805 Debet
1174 737 1359 807 enim
1384 738 1487 807 vel
1517 736 1699 822 fieri,
1729 738 1839 809 vel

268 824 542 897 detrahi
578 826 862 895 testibus
898 825 1064 895 fides
1110 827 1419 896 oratione
1462 842 1789 921 perpetua
1810 853 1839 913 3

267 918 434 1009 quia
467 917 564 986 sie
589 916 790 987 dictis
821 916 1104 1009 quisque
1138 930 1487 1003 movetur,
1521 931 1595 987 ut
1625 919 1839 991 estad

269 1007 690 1077 credendum
721 1007 826 1077 vel
871 1032 1010 1075 non
1051 1006 1465 1077 credendum
1498 1020 1653 1077 ante
1688 1010 1839 1079 for·-

269 1112 517 1169 matus.
547 1104 636 1168 Et
677 1098 1000 1190 quoniam
1035 1096 1175 1167 duo
1212 1124 1459 1187 genera
1508 1112 1664 1167 sunt
1709 1112 1839 1169 tes-

265 1189 444 1259 tium
481 1242 500 1272 ,
559 1202 676 1257 aut
713 1187 1269 1257 ‘voluntariorum
1298 1240 1317 1270 ,
1380 1202 1496 1257 aut
1554 1216 1789 1257 eorum
1814 1242 1839 1275 ,

267 1277 524 1371 quibus
556 1279 759 1367 judex
795 1279 864 1346 in
906 1276 1199 1369 publicis
1232 1278 1506 1365 judiciis
1539 1278 1685 1369 lege
1718 1280 1837 1349 de-

269 1369 593 1439 nuntiare
646 1368 816 1439 solet
848 1420 870 1451 ‚
929 1392 1219 1459 quorum
1278 1367 1497 1437 altero
1550 1383 1835 1464 utraque

267 1468 428 1551 pars'
483 1461 743 1542 utitur,
787 1457 1073 1527 alterum
1124 1459 1627 1529 accusatoribus
1672 1472 1839 1530 tan-

268 1556 416 1619 tum
465 1575 856 1622 concessum
903 1560 1049 1633 est3
1094 1574 1480 1639 separemus
1530 1552 1833 1623 officium

268 1640 500 1713 dantis
538 1652 776 1722 testea,
809 1651 878 1709 et
913 1638 1307 1709 refellentis.

319 1728 324 1735 ’
363 1732 502 1819 Qui
530 1730 990 1803 voluntarium
1007 1730 1357 1820 producit,
1386 1731 1555 1799 scire
1577 1731 1742 1822 quid
1776 1732 1834 1801 is

267 1821 580 1893 dicturus
598 1822 718 1907 sit,
737 1827 998 1913 potest3
1029 1819 1315 1910 ideoque
1338 1819 1711 1889 faciliorem
1737 1822 1833 1891 vi-

243 1913 472 1983 detur
495 1914 568 1983 in
598 1921 696 1999 (2)
723 1910 1026 2005 rogando
1049 1909 1299 1979 habere
1318 1910 1676 1979 rationem.
1700 1911 1834 1981 Sed

265 2002 412 2075 haec
465 2030 734 2099 quoque
831 2028 936 2071 ars
977 2026 1261 2071 acumen
1304 2013 1373 2069 et
1408 2000 1835 2092 vigilantiam

265 2095 536 2201 poscit3
569 2030 1199 2187 provici’endumque
1225 2144 1244 2177 ‚
1276 2116 1361 2159 ne
1393 2090 1709 2175 timidus,
1745 2117 1831 2161 ne

267 2198 706 2269 mmmmm,
747 2212 833 2253 ne
873 2182 1267 2277 imprudens
1298 2182 1385 2251 sit
1415 2181 1623 2251 testis,
1651 2190 1834 2253 Tur-

264 2275 524 2346 bantur
554 2278 736 2344 enim
757 2329 774 2359 ‚
815 2289 882 2344 et
909 2302 947 2343 a
982 2274 1285 2365 patronis
1311 2270 1587 2343 diversae
1618 2274 1832 2364 partis

263 2366 696 2435 inducuntur
716 2366 790 2433 in
811 2364 1125 2457 laqueum
1138 2388 1159 2448 3
1177 2362 1292 2433 sed
1312 2376 1377 2433 et
1398 2364 1550 2455 plus
1576 2364 1837 2457 depre-

261 2456 460 2528 hensi
476 2470 746 2543 nocent,
761 2484 960 2551 quam
975 2454 1221 2525 firmiet
1236 2455 1530 2525 interriti
1546 2458 1707 2547 prof
1703 2459 1767 2527 ui
1776 2484 1833 2527 s-

263 2562 438 2619 sent.
481 2550 778 2619 Multum
816 2548 1026 2639 igitur
1057 2546 1241 2616 domi
1287 2558 1443 2615 ante
1476 2549 1833 2631 versandi3

263 2666 346 2709 ac
377 2640 582 2711 variis
615 2636 1245 2733 percontationibus
1270 2686 1288 2720 ‚
1369 2637 1551 2706 uales
1590 2637 1830 2707 haberi

263 2730 351 2799 ab
403 2731 788 2821 adversario
841 2740 1168 2823 possunt,
1212 2664 1605 2819 exptiorandi
1648 2740 1829 2797 sunt.

262 2820 378 2891 Sic
411 2820 525 2906 fit,
565 2836 634 2889 ut
669 2834 786 2891 aut
820 2832 1133 2889 constent
1164 2818 1341 2903 sibi;
1374 2830 1487 2887 aut
1516 2871 1537 2901 ,
1576 2817 1629 2886 si
1662 2818 1830 2910 quid

259 2910 756 2993 titubaverint,
813 2924 1198 3003 opportuna
1258 2934 1491 2979 rursus
1543 2913 1687 2994 ejus
1720 2960 1739 2991 ‚
1790 2933 1831 2975 a

260 3028 402 3095 quo
447 3002 762 3095 producti
806 3015 1007 3087 sunt,
1058 3002 1592 3093 interrogatione
1641 2998 1831 3070 velut

260 3093 340 3164 in
375 3092 660 3187 gradum
697 3106 1139 3186 reponantur.

269 3266 288 3283 ,
329 3216 414 3283 (1)
441 3216 556 3265 Lib.
585 3233 661 3265 ια.
691 3234 795 3284 cap.
820 3234 872 3285 9.
897 3216 1235 3286 fuse-explicat
1252 3212 1503 3285 quomodo
1516 3222 1689 3275 *orator
1710 3226 1831 3265 cau-

254 3300 366 3337 sam
391 3300 530 3332 nosse
553 3279 740 3332 debeat.
1776 3294 1783 3301 ·

326 3348 413 3419 (2)
449 3347 824 3423 lmen-ogandq
