2175 3809
416 291 505 359 68
876 286 1053 358 Lu.
1103 291 1204 356 11.
1255 291 1436 356 CAP.
1481 289 1552 358 ,1.

414 404 626 472 nora„
658 376 1047 472 despiciunt
1075 406 1089 447 ε
1125 378 1290 447 ethi
1330 403 1477 447 non
1508 375 1670 448 satis
1699 373 1998 446 credunt

414 470 753 562 excepisse
775 522 794 555 ,
827 493 973 562 quae
1008 467 1248 540 relicta
1273 481 1468 538 erant
1495 467 1522 561 (
1593 494 1682 537 uo
1707 467 1996 536 nomine

412 562 633 654 gratia
678 585 950 653 quoque
998 559 1106 638 his
1161 573 1262 632 est
1312 559 1537 654 haben
1585 566 1688 644 a)
1739 556 1860 628 sed
1899 557 1997 628 ad

404 656 899 744 prosopopoeias
942 677 1154 743 usque
1185 704 1202 734 ‚
1237 663 1304 720 et
1323 650 1426 720 =ad
1470 650 1857 744 ‘suasoiiass
1914 649 1993 718 in

408 743 659 836 quihus
686 768 860 812 onus
890 740 1168 812 dicendi
1196 741 1304 812 vel
1333 742 1698 812 maximum
1715 752 1852 825 est,
1879 739 1996 809 ir—

406 847 761 938 rpmpunt.
786 831 975 904 Hinc
998 859 1162 928 ergo
1194 833 1482 916 accidit,
1519 845 1594 902 ut
1619 857 1768 992 «ἐμω
1815 829 1985 900 alte-

406 949 553 994 rius
590 925 755 996 artis
797 922 1023 1017 „prima
1059 937 1274 1007 -erant
1325 948 1565 1016 opera,
1649 935 1798 994 acta
1849 922 1996 992 sint

406 1015 688 1087 alterius
708 1015 1077 1086 novissima
1101 1043 1122 1103 3
1142 1027 1212 1086 et
1239 1028 1396 1085 aetas
1421 1068 1438 1099 .,
1461 1014 1823 1086 altioribus
1848 1017 1992 1102 jam

404 1106 791 1200 disciplinis
822 1106 1054 1178 debita
1085 1160 1104 1192 ‚
1143 1108 1216 1175 in
1259 1106 1488 1177 schola
1515 1105 1782 1176 minore
1823 1105 1994 1174 sub-

402 1198 627 1268 sideat
660 1252 680 1283 ,
738 1225 815 1268 ac
852 1199 1217 1268 rhetoricen
1269 1197 1452 1290 apud
1505 1196 1990 1292 grammaticos

400 1303 727 1358 exerceat.
754 1295 853 1360 Ita
873 1342 892 1373 ,
920 1289 1104 1382 quod
1137 1303 1236 1360 est
1268 1289 1552 1358 maxime
1587 1286 1986 1372 ridiculum,

401 1405 544 1450 non
580 1394 735 1449 ante
780 1380 866 1450 ad
902 1379 1330 1450 declamandi
1375 1379 1774 1473 magistrum
1807 1379 1988 1448 mit-

398 1471 650 1540 tendus
673 1471 946 1540 videtur
970 1496 1142 1562 puer
1165 1521 1184 1554 .,
1210 1497 1408 1562 quam
1437 1471 1814 1540 declamare
1840 1474 1984 1558 jam

402 1560 592 1629 sciat.
646 1568 786 1629 No's
828 1585 1027 1630 suum
1076 1563 1324 1654 cuique
1375 1561 1780 1652 professioni
1833 1587 1984 1631 mo-

398 1648 561 1720 dum
589 1651 847 1720 demus.

490 1746 577 1810 Et
596 1743 1035 1834 grammatice
1068 1742 1403 1835 (quam'in
1429 1742 1720 1812 latinum
1755 1755 1984 1812 trans-

398 1832 696 1904 ferentes
722 1887 741 1917 ,
799 1834 1237 1920 litteraturam
1291 1840 1770 1918 vocaverunt.)
1800 1831 1979 1902 fines

270 2001 288 2017 ι
396 1950 555 1993 suos
588 1925 813 2010 norit,
864 1927 1234 2018 praesertim
1279 1937 1544 1994 tantum
1575 1923 1660 1992 ab
1691 1923 1818 1992 hac
1853 1949 1978 2012 ap·-

395 2014 791 2120 peJlationis
841 2041 975 2084 suae
1029 2029 1474 2108 paupertate,
1535 2013 1716 2084 intra
1765 2041 1975 2108 quam

250 2205 255 2214 .
300 2177 312 2182 ,
393 2107 598 2198 primi
636 2107 736 2176 illi
776 2106 1181 2191 constitere,
1235 2119 1578 2211 provecta.
1625 2113 1800 2176 Nam
1853 2119 1976 2176 te-

306 2200 314 2210 ’
394 2197 614 2266 nuisa
649 2195 873 2280 sonte,
934 2209 1294 2290 assumptls
1344 2205 1696 2288 poetarum
1734 2196 1974 2268 histo-—

391 2285 827 2379 ricorumque
861 2285 1154 2373 viribus,
1177 2287 1380 2380 pleno
1415 2294 1548 2379 jam
1583 2289 1742 2358 satis
1771 2287 1970 2360 alveo

389 2369 594 2462 fluit3
644 2404 797 2450 cum
840 2430 859 2461 ,
918 2389 1160 2471 praeter
1219 2380 1552 2449 rationem
1613 2384 1794 2449 'recte
1847 2379 1972 2450 lo—

389 2468 644 2560 quendi
677 2523 695 2551 ‚
752 2496 891 2541 non
958 2496 1198 2562 parum
1256 2471 1510 2565 alioqui
1571 2471 1962 2564 copiosam,

386 2585 599 2652 prope
631 2561 937 2630 omnium
966 2561 1406 2631 maximarum
1439 2562 1690 2633 artium
1737 2561 1967 2633 scien-

384 2650 551 2743 tiam
587 2650 890 2745 amplexa
923 2653 1054 2738 sit;
1088 2666 1158 2723 et
1179 2649 1530 2739 rhetorice,
1559 2655 1668 2726 cui
1705 2680 1964 2730 nomen

385 2741 485 2818 vis
520 2743 886 2837 eloquendi
920 2741 1156 2830 dedit,
1193 2744 1416 2816 officia
1457 2771 1578 2816 sua
1631 2755 1772 2815 no‘n
1823 2745 1965 2816 de·-

380 2847 657 2919 nectet,
694 2861 819 2906 nec
865 2835 1185 2928 occupari
1239 2836 1532 2928 gaudeat
1588 2837 1962 2929 pertinen-

378 2940 517 3000 tem
548 2926 634 3020 ad
668 2953 738 2996 se
758 2925 1096 3033 laborem-3
1121 2952 1300 3020 quae,
1324 2927 1484 2996 dum
1514 2954 1718 3020 opere
1747 2927 1970 3014 cedit,

377 3023 523 3108 jam,
556 3043 729 3110 pene
793 3041 1216 3121 possessione
1282 3014 1566 3110 depulsa
1623 3033 1744 3088 est.
1803 3026 1981 3089 Nec,

377 3101 742 3184 inficiabor
772 3133 850 3176 ex
883 3133 967 3176 us
1000 3108 1296 3199 aliquem
1323 3163 1339 3192 ‚
1375 3110 1515 3215 qui·
1541 3116 1960 3202 grammati-

374 3224 491 3272 cen
550 3199 1013 3302 profitentur,
1068 3225 1367 3294 eousque
1425 3201 1723 3274 selentiae
1777 3228 1987 3292 pro--

378 3289 564 3358 oredn
598 3316 831 3380 posse,
860 3302 935 3358 ut
968 3289 1051 3360 ad
1097 3291 1236 3361 haec
1287 3319 1556 3385 quoque
1610 3289 1960 3376 tradenda
2063 3335 2072 3340 ·

336 3341 706 3446 {afficiat-2
758 3379 913 3464 sed,
949 3407 1102 3450 cum
1145 3382 1212 3450 id
1249 3379 1439 3475 aget,
1493 3383 1782 3455 rhetoris
1827 3384 1952 3454 of·-

372 3468 531 3541 ficio
564 3470 920 3563 fungetur,
956 3498 1098 3544 non
1133 3497 1278 3542 suc.

2149 1131 2151 1140 η

2153 1600 2155 1710 1
