2175 3809
911 289 1298 317 mat-ff

609 403 1027 521 MARCI
1117 428 1480 517 FABII

311 646 1779 829 QUINTILIANI

978 918 1087 965 DE

276 286 523 326 {fin

303 1120 313 1131 ’
397 1080 1672 1195 I-NSTITUTIONE

784 1318 1290 1406 ORATofflA

694 1512 771 1599 L
796 1516 837 1599 I
864 1515 930 1599 Β
951 1514 1028 1601 Ε
1059 1516 1134 1601 R
1207 1512 1292 1600 V
1317 1510 1372 1599 Ι.

576 1836 1474 1917 PROOEMIUM.

226 2020 327 2087 De
369 2028 598 2098 fortuna
660 2044 762 2084 sua
817 2020 886 2083 ob
922 2024 1152 2085 amissos
1183 2020 1382 2085 liberos
1425 2032 1483 2084 et
1528 2020 1810 2103 conjugem
1929 2084 1939 2089 ,

830 2138 833 2141 ’
898 2107 1162 2185 queritur.

223 2238 444 2355 Ham
463 2332 486 2363 ‚
513 2279 845 2349 Marcelle
874 2280 1184 2369 Victori,
1217 2308 1297 2352 ex
1325 2294 1448 2351 tua
1473 2278 1810 2352 volunta-

222 2387 294 2446 te
332 2370 619 2441 maxime
654 2370 998 2464 ingressus
1021 2424 1042 2457 ‚
1074 2384 1222 2443 tum
1247 2373 1466 2467 siqua
1499 2397 1580 2443 ex
1604 2369 1808 2441 nobis

223 2466 313 2537 ad
333 2468 613 2553 juvenes
645 2460 864 2534 honos
883 2465 1240 2556 pervenire
1261 2477 1488 2558 posset
1518 2462 1816 2550 utilitas,

222 2553 593 2628 novissime
628 2580 806 2647 pene,
844 2568 913 2625 et
938 2558 1342 2631 necessitate
1375 2554 1668 2650 quadam
1700 2554 1806 2623 of-

222 2647 367 2719 ficii
394 2650 495 2730 (1)
520 2643 813 2737 delegati
844 2645 1050 2740 mibi,
1086 2646 1328 2717 sedulo
1353 2643 1747 2717 laborabam
1783 2673 1800 2715 ε

219 2736 596 2831 respiciens
621 2749 849 2806 tamen
880 2736 1069 2807 illam
1101 2762 1333 2808 curam
1363 2764 1526 2809 meae
1556 2734 1802 2829 volup-

216 2830 420 2913 tatis,
455 2827 573 2921 qui
610 2827 800 2913 filio,
848 2824 1042 2926 cuijus
1086 2828 1397 2900 eminens
1442 2826 1801 2921 ingenium

218 2919 589 2993 sollicitam
653 2944 923 3013 quoque
993 2920 1298 3013 parentis
1367 2918 1818 3013 diligentiam·

218 3009 611 3083 merebatur
634 3063 653 3095 ‚
688 3009 867 3081 hanc
898 3012 1225 3104 optimam
1289 3024 1552 3104 partem
1599 3010 1801 3080 relic-

214 3114 413 3173 turus
443 3101 845 3173 hereditatis
876 3102 1162 3177 videbar
1193 3131 1208 3173 =
1244 3115 1323 3174 ut
1353 3103 1409 3174 si
1438 3128 1545 3174 me
1565 3154 1586 3189 ‚
1611 3100 1800 3195 quod

284 3292 365 3361 (ι)
387 3292 518 3360 Quia
540 3292 857 3346 Domitianus
877 3294 1154 3363 Imperator
1174 3294 1490 3364 Quintiliano
1521 3292 1795 3348 commise-

208 3371 284 3413 m
302 3375 471 3446 euram
496 3374 739 3429 nepotum
756 3360 938 3416 sorori·
950 3379 1066 3419 suae.
1102 3362 1263 3417 Tum.

1313 3432 1467 3503 03
