2175 3809
386 277 478 346 90
512 319 521 336 ,
582 261 589 267 ’
793 261 968 330 Lm.
1024 259 1128 328 ΙΙ.
1181 261 1379 328 Car.
1439 261 1528 326 V.

390 362 739 440 utcunque
772 347 1029 419 deflexa
1069 361 1276 434 sunt,
1309 362 1634 442 tanquam
1667 347 1968 442 exquisi-

387 439 567 510 tiora
592 440 952 526 miramur3
983 467 1125 512 non
1159 441 1360 534 aliter
1386 465 1586 534 quam
1618 439 1967 526 distortis,

387 531 877 626 etquo‘cunque
898 532 1102 602 modo
1126 531 1536 624 prodigiosis
1557 531 1967 626 corporibus

387 622 573 716 apud
619 623 949 716 quosdam
980 629 1198 713 majus
1239 635 1338 692 est
1371 622 1664 716 pretium
1693 675 1712 706 ‚
1757 649 1967 716 quam

386 712 505 800 iis,
538 739 682 806 quae
739 713 915 792 nihil
959 741 1038 782 ex
1072 715 1456 784 communis
1509 713 1788 787 habitus
1833 714 1966 784 bo-

384 803 493 873 nis
541 803 1039 895 perdiderunt3
1070 818 1274 898 atque
1307 806 1513 876 etiam
1557 803 1676 900 qui
1729 805 1962 901 specie

384 894 787 987 capiuntur,
820 897 1066 982 vulsis,
1121 897 1357 968 levatis
1410 924 1532 984 ue,
1583 908 1652 964 et
1697 895 1964 966 inustas

381 1007 607 1058 comas
642 1013 771 1058 acu
808 987 1276 1072 comentibus,
1499 1014 1544 1058 n
1577 1007 1699 1057 stro
1727 987 1962 1059 colore

382 1076 625 1151 nitidis
664 1131 685 1163 ,
751 1077 905 1172 plus
968 1105 1112 1150 esse
1172 1079 1279 1148 for
1506 1091 1702 1148 utant
1751 1105 1962 1170 quam

379 1153 593 1262 poss'it
619 1168 921 1242 tribuere
956 1171 1353 1264 incorrupta
1391 1183 1634 1240 natura
1665 1197 1682 1240 ε
1714 1183 1790 1240 ut
1815 1169 1966 1263 pul·

380 1259 702 1330 chritudo
731 1263 1037 1355 corporis
1090 1262 1326 1334 venire
1359 1259 1675 1332 videatur
1705 1287 1786 1332 ex
1817 1288 1962 1332 ma-

377 1349 464 1420 lis
500 1349 829 1422 moribus.

467 1449 584 1512 lv.
628 1449 771 1512 Nec
800 1443 1023 1512 solum
1046 1443 1190 1512 haec
1223 1443 1366 1536 ipse
1393 1443 1671 1514 debebit
1708 1442 1959 1518 docere

420 1545 779 1625 ‚raeceptoss
792 1533 911 1602 sed
927 1533 1320 1625 frequentei·
1339 1534 1758 1630 interrogare
1779 1548 1848 1604 et
1858 1540 1963 1624 ju-

374 1557 635 1708 dicium
665 1621 1160 1716 discipulorum
1186 1625 1501 1719 experiri.
1533 1625 1643 1698 sic
1673 1625 1961 1698 audien-

373 1712 561 1783 tibus
589 1715 917 1784 securitas
950 1713 1209 1801 aberit‚
1238 1742 1364 1788 nec
1416 1743 1560 1810 quae
1593 1715 1958 1809 dicentur„
1997 1762 2000 1763 ν

372 1803 713 1897 perfluent
742 1805 1320 1900 aur'es33imulque
1347 1808 1432 1877 ad
1467 1809 1536 1878 id
1573 1808 1957 1900 perducen-

336 1907 521 1984 ¹tur,
552 1895 741 1989 quod
775 1923 853 1966 ex
882 1895 1016 1966 hoc
1044 1899 1375 1992 quaeritur
1397 1952 1420 1985 ‚
1454 1912 1528 1970 ut
1557 1899 1954 1986 inveniant,

372 1999 444 2061 et
492 1983 620 2082 ipsi
668 1987 1081 2080 intelligant.
1130 1995 1302 2058 Nam
1338 1989 1524 2083 quid·
1565 1987 1758 2062 aliud
1800 2017 1838 2060 a
1893 1991 1952 2065 i-

370 2103 523 2146 mus
558 2075 871 2150 docendo
925 2103 1087 2165 eos,
1119 2107 1322 2184 quam
1376 2108 1462 2152 ne
1514 2108 1780 2176 semper
1873 2108 1953 2151 o·—

372 2167 574 2243 cendi
620 2169 803 2238 sint?
836 2175 992 2238 Hoc
1026 2169 1402 2262 dihgentiae
1459 2199 1672 2266 genus
1727 2172 1958 2256 ausim,

372 2257 601 2330 dicere
645 2259 797 2350 pius
841 2259 1250 2332 conaturum
1284 2263 1958 2358 discentibusquam,

372 2373 608 2418 omnes
652 2351 959 2419 omnium
1023 2365 1247 2437 arim,
1297 2381 1442 2448 quae
1506 2361 1746 2446 juvant
1798 2356 1953 2426 sine

368 2439 581 2508 dubio
634 2441 958 2528 multum,
1004 2443 1122 2512 sed
1153 2443 1396 2516 latiore
1438 2447 1728 2552 quadam
1764 2473 1954 2516 com-

367 2529 846 2624 prehensione.
902 2541 1035 2604 Per
1074 2560 1310 2609 omnes
1358 2538 1636 2630 quidem
1687 2537 1952 2630 species

366 2645 593 2690 rerum
642 2624 955 2716 quotidie
1054 2651 1182 2695 ene
1234 2629 1664 2699 nascentium
1699 2629 1794 2698 ire
1824 2631 1948 2722 qui

364 2725 702 2806 possunt?
735 2715 926 2786 Sicut
1032 2744 1069 2788 e
1125 2743 1195 2791 re
1236 2719 1517 2790 militari
1549 2745 1946 2814 quanquam

364 2817 525 2874 sunt
553 2805 802 2876 tradita
829 2807 1134 2900 quaedam
1159 2825 1490 2904 praecepta
1511 2812 1948 2896 communia;

360 2895 578 2988 magis
608 2909 836 2968 tamen
892 2899 1202 2990 proderit
1263 2901 1474 2986 scire,
1511 2929 1645 2998 qua
1687 2901 1948 2974 ducum

364 2988 653 3090 quisque
680 2990 945 3058 ratione
968 3043 985 3070 ‚
1020 2989 1091 3060 in
1129 2992 1314 3085 quali
1351 2993 1502 3064 loco
1530 3048 1556 3078 ‚,
1586 3007 1934 3087 tempore,

361 3090 453 3150 slt
500 3104 661 3148 usus
716 3081 1062 3172 sapienter
1095 3136 1112 3165 ‚
1160 3097 1275 3154 aut
1335 3101 1596 3156 contra.
1633 3092 1808 3156 Nam
1869 3086 1944 3156 in

363 3167 687 3272 omnibus
707 3171 845 3242 fere
860 3171 1087 3242 minus
1107 3175 1334 3246 valent
1353 3190 1716 3282 praecepta,
1737 3202 1946 3284 quam

360 3275 845 3347 experimenta.
876 3269 983 3332 An
1020 3292 1182 3336 vero
1216 3267 1628 3337 declamabit
1659 3267 1948 3360 quidem

356 3360 758 3438 praeceptor,
789 3367 862 3424 ut
878 3355 968 3424 sit
986 3357 1292 3450 exemplo
1319 3359 1456 3429 suis
1476 3357 1945 3438 auditoribus:
