2175 3809
666 190 795 257 ΒΕ
865 192 1537 259 Pmoun-rom.
1752 184 1893 260 323

315 280 427 352 nit
464 290 621 349 ante
669 278 1081 365 oculos3et,
1135 278 1399 347 etiamsi
1456 302 1578 371 per
1619 276 1893 373 singula

312 372 543 441 minus
584 382 923 453 moverat,
968 367 1171 438 turba
1199 368 1398 441 valet.
1427 375 1505 438 In
1532 369 1692 455 hac,
1737 396 1887 461 quae

310 474 719 552 repetemus,
744 487 947 555 quam
960 459 1353 531 brevissime
1374 458 1664 529 dicenda
1682 474 1840 529 sunt
1859 486 1884 547 3
1909 496 1912 502 ·

310 564 383 621 et
400 604 419 636 ‚
440 552 625 645 quod
651 578 867 645 graeco
890 548 1100 623 verbo
1127 562 1348 643 patet,
1382 550 1885 622 decurrendum

290 654 436 736 -per
468 644 712 735 capita.
746 650 919 735 Nam
948 642 1001 711 si
1054 640 1506 724 morabimur,
1549 667 1689 711 non
1747 646 1886 731 jam

304 735 736 805 enumeratio
758 786 777 819 ‚
824 733 945 803 sed
997 732 1211 804 altera
1245 732 1437 825 quasi
1471 732 1589 803 fiet
1621 732 1883 803 .oratio;

306 829 477 911 Quae
528 838 757 897 autem
812 822 1274 895 enumeranda
1319 822 1676 908 vident—ur,
1727 849 1884 895 cum

302 914 609 1007 pondere
630 915 862 1008 aliquo
884 914 1176 985 dicenda
1197 926 1356 983 sunt
1382 966 1400 997 ‚
1427 926 1494 983 et
1511 916 1686 1007 aptis
1705 916 1884 985 exci-
1925 915 1932 919 ’

302 1006 515 1077 tanda
540 1006 897 1077 sententiis
922 1058 941 1091 ‚
971 1018 1041 1075 et
1063 1004 1302 1097 figuris
1346 1004 1582 1097 utique
1611 1006 1881 1077 varian-

298 1094 440 1165 ἀεὶ
486 1097 743 1191 alioqui
800 1096 978 1167 nihil
1014 1109 1118 1165 est
1149 1095 1457 1180 odiosius
1519 1109 1702 1167 recta
1757 1096 1879 1167 ina

296 1210 373 1256 re
426 1187 747 1273 etitione,
790 1187 981 1261 velut
1014 1186 1355 1257 memoriae
1397 1185 1705 1275 judicum
1743 1186 1878 1257 dif-

280 1274 346 1355 ,ᾗ
398 1278 599 1349 entis.
640 1286 817 1351 Sunt
846 1290 1075 1347 autem
1130 1276 1704 1363 innumerabiles3
1753 1304 1875 1371 op-

291 1367 596 1463 timeque
624 1371 696 1441 in
712 1376 998 1441 Verrem
1018 1366 1295 1441 Cicero:
1327 1364 1878 1460 (.1)Sipateripse

284 1462 656 1547 iudicaret,
677 1488 819 1555 quoe
848 1462 1128 1543 diceret,
1161 1483 1304 1528 cum
1332 1456 1472 1529 hoec
1507 1459 1874 1550 probaren—

288 1552 782 1623 th’etdeinde
802 1548 1096 1641 subjecit
1109 1550 1777 1623 enumerationem.A
1795 1566 1872 1623 ut

292 1666 449 1712 cum
490 1643 669 1713 idem
705 1649 807 1728 (2)
843 1643 917 1713 in
950 1640 1286 1731 eundem,
1331 1666 1454 1736 per
1498 1643 1872 1715 invocatio-

286 1756 451 1803 nem
523 1734 806 1805 deorum
862 1733 1153 1828 spoliata
1207 1758 1248 1803 a
1277 1745 1563 1827 praetore
1611 1734 1868 1828 templa

288 1823 750 1896 dinumerat...
1844 1864 1856 1871 ·

376 1916 457 1987 Id
489 1944 701 1999 unum
732 1916 991 2009 epilogi
1006 1941 1224 2010 genus
1251 1915 1473 1987 visum
1497 1924 1598 1983 est
1621 1913 1865 2007 pleris-

332 2032 417 2077 ue
440 2008 865 2095 Atticorum,
901 2022 969 2079 et
1000 2006 1429 2102 philosophis
1460 2006 1601 2076 fere
1643 2006 1865 2078 omni-

278 2031 449 2185 ἕης,
485 2098 706 2193 quide
730 2113 882 2171 -arte
918 2098 1219 2169 oratoria
1237 2098 1566 2190 scriptum
1593 2096 1862 2190 aliquid

276 2189 732 2284 reliquerunt.
786 2190 864 2261 Id
930 2189 1218 2261 sensisse
1285 2189 1552 2259 Atticos
1606 2186 1810 2259 credo
1830 2241 1852 2275 ,

276 2281 445 2374 quia
503 2282 795 2351 Athenis
848 2282 1132 2349 affectus
1165 2306 1437 2353 movere
1470 2280 1678 2350 etiam
1732 2304 1858 2372 per

272 2396 658 2465 praeconem
701 2370 1200 2465 prohibebatur
1245 2382 1500 2441 orator.
1529 2370 1856 2441 Philoso-

272 2462 451 2556 phos
480 2462 705 2535 minus
730 2462 979 2549 miror,
1008 2461 1192 2556 apud
1221 2488 1392 2557 quos
1423 2462 1575 2535 vitii
1607 2475 1708 2533 est
1749 2462 1854 2533 lo-

274 2578 391 2638 eo,
427 2556 604 2626 affici
624 2580 646 2638 ;
682 2580 810 2626 nec
843 2554 1009 2626 boni
1041 2580 1262 2625 mores
1297 2552 1651 2635 videntur,
1681 2552 1778 2623 sic
1809 2578 1850 2624 a
1933 2604 1937 2609 -

270 2668 436 2718 vero
468 2644 765 2735 judicem
799 2645 1011 2717 averti
1039 2671 1062 2731 3
1094 2671 1222 2715 nec
1253 2642 1618 2715 convenire
1659 2641 1846 2715 bono

268 2734 459 2820 viro,
494 2734 679 2807 vitiis
705 2736 829 2806 uti.
851 2737 1286 2807 Necessarios
1316 2748 1544 2805 tamen
1563 2734 1846 2807 affectus

268 2822 706 2913 fatebuntur,
726 2829 782 2899 si
804 2828 1004 2903 aliter
1022 2826 1323 2899 obtineri
1343 2852 1500 2897 vera
1515 2880 1535 2913 ‚
1557 2839 1622 2897 et
1643 2829 1844 2915 justa,
1913 2847 1916 2850 ·

268 2931 339 2989 et
364 2918 435 2987 in
470 2944 827 2989 commune
856 2920 1214 3012 profutura
1243 2945 1383 2990 non
1409 2916 1695 3011 possint.

358 3014 691 3081 caeterum
736 3009 911 3085 illud
966 3010 1276 3081 constitit
1331 3010 1506 3081 inter
1559 3034 1792 3081 omnes
1817 3062 1839 3097 ‚

264 3101 473 3173 etiam
507 3100 579 3170 in
611 3100 762 3172 aliis
808 3102 1116 3196 partibus
1147 3106 1459 3198 actionis,
1499 3100 1556 3176 si
1599 3100 1840 3180 multi-

368 3258 392 3301 ι
458 3258 507 3309 7.
534 3238 679 3296 Verri
700 3261 837 3297 num.
862 3243 976 3295 135.

314 3241 437 3379 {23
470 3325 516 3377 7.
548 3310 693 3368 Verr.
730 3327 871 3370 num.
902 3308 1014 3365 183.
1042 3320 1139 3371 ew·
