2175 3809
361 233 451 302 30
726 237 922 305 Ltn.
978 239 1029 302 1.
1075 237 1276 302 ΕΑΓ.
1333 237 1442 300 11.

352 325 603 396 deatur
636 337 793 396 aetas
828 338 965 404 tam
999 323 1262 394 infirma
1299 376 1318 408 ,
1347 349 1494 416 quae
1543 346 1682 390 non
1714 321 1934 413 proti-

356 441 488 486 nus
531 416 699 509 quid
733 429 993 486 rectum
1026 441 1308 508 pravum
1361 441 1442 486 ue
1479 413 1600 505 sit,
1653 411 1869 482 discat
1909 465 1934 496 ,

356 518 503 576 tum
552 507 656 578 vel
713 509 1007 578 maxime
1055 507 1320 576 forman
1375 532 1456 588 a,
1517 529 1670 574 cum
1719 503 1936 573 simu-‘-

353 596 545 669 landi
577 598 805 668 nescia
839 612 941 669 est
968 651 989 684 ‚
1022 610 1089 670 et
1141 594 1696 692 praecipientibus
1743 593 1949 664 facil--

357 687 519 760 lime
568 690 777 760 cedit.
819 695 1122 782 Frangas
1173 688 1358 758 enim
1419 688 1620 759 citius
1651 739 1672 771 ,
1721 712 1934 779 quam

356 780 657 876 corrigas
698 833 717 866 ‚
778 807 925 873 quae
982 781 1053 850 in
1105 805 1388 872 pravum
1443 777 1932 848 induruerunt.

352 873 679 943 Protinus
706 895 869 964 ergo
891 925 908 956 ‚
952 897 1037 940 ne
1072 871 1242 964 quid
1275 871 1560 964 cupide,
1617 896 1700 942 ne
1756 870 1934 963 quid

355 961 665 1054 improbe
696 1015 715 1048 ‚
751 989 835 1033 ne
863 963 1029 1056 quid
1064 961 1477 1054 impotenter
1501 961 1706 1032 faciat
1727 1013 1750 1046 ‚
1784 989 1934 1036 mo-

355 1053 625 1124 nendus
678 1067 777 1123 est
852 1051 1571 1148 uer3habendumque
1599 1053 1668 1126 in
1695 1054 1933 1134 animo

352 1169 621 1238 semper
644 1145 769 1218 illu
847 1144 1308 1238 virgilianum
1333 1173 1350 1214 ε

482 1252 645 1307 Adeo
678 1255 731 1304 in
774 1261 948 1304 unam
971 1269 1282 1304 consuescere
1308 1252 1509 1304 multum
1535 1264 1611 1303 est
1641 1252 1768 1323 (ι).

436 1341 557 1406 IV.
598 1334 780 1422 Caedi
820 1361 985 1408 vero
1025 1336 1362 1406 discentes
1385 1389 1406 1422 ‚
1437 1362 1826 1430 quanquam
1859 1351 1936 1410 et

342 1440 696 1532 receptum
718 1426 806 1495 sit
836 1440 905 1496 et
924 1426 1346 1519 Chrysippus
1369 1453 1510 1496 non
1545 1427 1638 1496 im
1692 1427 1888 1500 robet
1909 1484 1934 1516 ‚

347 1518 635 1590 minime
702 1517 931 1590 velim.
990 1516 1296 1588 Primum
1325 1569 1344 1602 ‚
1409 1517 1569 1610 quia
1669 1519 1932 1592 eforme

349 1619 553 1702 atque
574 1608 817 1682 servile
832 1620 935 1678 est
946 1631 971 1693 3
1005 1620 1073 1676 et
1099 1620 1282 1678 certe
1299 1661 1320 1692 ‚
1344 1613 1444 1692 (2)
1467 1608 1656 1714 guod
1681 1635 1934 1685 conve-

346 1699 498 1785 nit,
542 1699 599 1770 si
654 1711 920 1770 ae-tatem
963 1712 1229 1784 mutes»,
1273 1697 1552 1790 injuria.
1599 1699 1928 1788 Deinde,

349 1791 577 1885 quod,
613 1791 667 1862 si
706 1790 819 1862 eui
864 1803 1003 1860 tam
1040 1803 1142 1860 est
1185 1815 1376 1860 mens
1409 1787 1808 1882 illiberalis,
1847 1807 1950 1888 ut⁸
2045 1826 2050 1832 ·

286 1941 292 1948 .
346 1881 827 1975 objurgatione
870 1907 1010 1955 non
1042 1880 1470 1975 corrigatur,
1501 1881 1565 1952 is
1599 1881 1802 1952 etiam
1833 1883 1926 1958 ad

343 1972 615 2078 plagam,
644 1985 717 2042 ut
751 1974 1041 2066 pessima
1065 1999 1347 2066 quaeque
1381 1971 1760 2066 mancipia,
1795 1971 1950 2046 clu-⁸

340 2063 630 2134 rabltur.
661 2070 1011 2133 Postremo
1034 2117 1055 2148 ‚
1095 2063 1399 2157 quodne
1443 2088 1614 2154 opus
1642 2063 1926 2157 quidem

341 2153 475 2224 erit
504 2155 637 2225 hac
669 2154 1154 2246 castigatione,
1197 2154 1254 2223 si
1307 2152 1620 2222 assiduus
1655 2155 1928 2226 studio-

336 2269 495 2316 rum
514 2257 785 2315 exactor
796 2245 1164 2314 adstiterit.
1184 2251 1384 2314 Nunc
1407 2243 1546 2314 fere
1567 2245 1928 2338 negiigen-

335 2335 435 2406 tia
460 2337 982 2431 paedagogorum
1022 2335 1120 2406 sic
1139 2335 1595 2424 (3)emendari
1625 2336 1928 2424 videtur,

338 2439 417 2497 ut
448 2430 643 2522 pueri
682 2453 823 2498 non
871 2427 1087 2498 facere
1119 2481 1138 2510 ‚
1180 2454 1328 2519 quae
1362 2439 1546 2518 recta
1580 2440 1776 2511 sunt,
1811 2454 1924 2498 co-

337 2533 633 2610 ganturg,
656 2519 775 2588 sed
805 2544 957 2588 cum
986 2544 1127 2587 non
1165 2517 1450 2586 fecerint
1470 2569 1487 2600 ‚
1515 2518 1924 2608 puniantur.

335 2612 659 2704 Denique
685 2663 704 2694 ‚
739 2635 892 2680 cum
937 2608 1296 2702 parvulum
1331 2607 1731 2687 verberibus
1766 2621 1924 2680 coe-

426 2700 517 2770 ris
544 2753 565 2785 ,,
616 2700 782 2795 quid
826 2700 1060 2790 juveni
1112 2699 1356 2782 faciae,
1405 2698 1516 2767 cui
1561 2725 1688 2770 nec
1722 2701 1926 2772 adhi-

332 2726 482 2862 ἐξῆ
521 2804 741 2884 potest
772 2791 888 2862 hic
922 2802 1144 2860 metus
1165 2843 1184 2876 ‚
1217 2803 1288 2858 et
1306 2792 1560 2876 majora
1587 2789 1922 2864 discenda

334 2893 560 2954 sunt?
604 2881 802 2952 Adde
837 2935 857 2968 ‚
913 2881 1102 2976 quod
1154 2880 1368 2952 multa
1430 2882 1920 2974 vapulantibus

331 2975 525 3046 dictu
544 2974 907 3055 deformia,
935 2986 1001 3042 et
1028 2999 1182 3042 mox
1203 2973 1626 3044 verecundiae
1647 2973 1916 3062 futura,

444 3118 462 3150 1
547 3097 731 3167 Vin-gil.
755 3116 817 3162 α,
844 3098 1027 3162 Georg.
1054 3115 1104 3147 v.
1136 3116 1253 3168 ²7⁴²·

394 3099 509 3243 {33
537 3165 687 3234 Quod
710 3164 942 3216 convenit
976 3163 1108 3214 inter
1131 3182 1332 3230 omnes,
1356 3161 1418 3213 de
1456 3181 1558 3232 quo
1579 3181 1752 3214 omues
1779 3183 1920 3216 con-

330 3242 569 3283 “nnunt-

398 3297 508 3372 (3)
544 3297 711 3374 Culpa
741 3299 770 3345 h
806 3266 974 3374 pueris
1016 3311 1108 3362 per
1139 3296 1496 3366 negligentiam
1527 3295 1914 3367 paedagogorun

326 3377 595 3414 eommlnsae
614 3379 685 3414 ale
704 3373 1017 3431 coenguntur
1028 3399 1049 3428 ,
1069 3374 1126 3414 ut
1145 3375 1240 3414 ete.
