2175 3809
621 247 1241 316 Pnssrarxm
1590 247 1705 321 ,ὴ

159 334 296 406 imo
359 333 596 428 (pene
658 334 948 406 dixerim
970 343 1011 420 )·
1062 337 1310 408 unicus
1361 336 1707 432 ‘magister

158 427 439 498 Fabius.
851 505 870 508 ,
1019 506 1024 512 ³
1073 447 1076 454 ·
1618 493 1643 500 -

243 519 682 611 Praecipuum
709 518 965 613 quippe
991 518 1179 590 illius
1215 519 1287 608 in
1322 519 1704 596 scribendis
1742 537 1935 614 &8⁸13-

157 611 348 681 hisce
384 611 582 681 libris
606 663 624 694 ‚
709 625 996 682 uantum
1028 639 1109 682 ex
1132 625 1279 683 toto
1307 640 1513 706 opere
1540 641 1702 700 con·
1749 601 1930 710 „¹:552”

156 705 399 794 jicitur
425 757 445 790 ‚
477 639 846 775 consilium
899 704 1071 789 fuit,
1107 717 1184 774 ut
1218 704 1517 777 imbutos
1563 712 1701 800 jam
1750 725 1923 773 medii·

160 821 238 866 ac
271 809 639 889 corruptos
664 795 890 889 pravis
916 796 1199 887 judiciis
1234 823 1515 869 suorum
1554 802 1703 871 ani-
1750 799 1935 907 {22²ss

161 913 306 957 mos
332 940 354 973 ‚
381 889 734 982 magisque
761 914 840 959 ac
872 889 1087 982 magis
1114 890 1424 982 quotidie
1453 895 1490 960 a
1517 907 1702 965 recta
1753 920 1853 959 tum
1866 911 1937 984 d}-

163 980 458 1050 dicendi-
480 981 592 1051 via
621 979 1019 1072 aberrantes
1048 1035 1066 1066 ‚
1101 979 1188 1051 ad
1241 982 1598 1056 meliorem
1630 998 1707 1057 ut
1756 973 1923 1094 ἓξὲξ,

164 1070 256 1141 ita
281 1071 516 1142 dicam
549 1073 853 1166 frugem,
887 1075 1067 1144 etad
1108 1073 1381 1147 saniora
1417 1077 1709 1149 consilia

167 1175 547 1235 revocaret.
873 1189 878 1196 ·
1342 1192 1349 1200 ·

252 1261 480 1326 Ferax
511 1256 964 1328 eminentium
1014 1257 1087 1328 in·
1122 1257 1413 1352 singulis
1444 1260 1709 1334 artibus
1748 1290 1952 1356 ,tagum

166 1347 610 1442 ingeniorum
636 1375 844 1419 aurea
877 1350 999 1420 illa
1024 1365 1185 1420 aetas
1206 1354 1547 1424 nascentis
1566 1362 1709 1426 Au-
1756 1361 1937 1426 ωηο·

163 1440 344 1534 gusti
405 1441 808 1533 perductam
859 1438 947 1512 ad
1018 1469 1359 1515 summum
1434 1447 1706 1518 culmen
1757 1429 1967 1526 {2352}

168 1539 560 1626 (quantum
589 1534 868 1627 quidem
899 1535 1211 1606 humanae
1257 1563 1363 1607 res
1466 1540 1712 1612 atiuna
1788 1542 1887 1586 ⁰¹⁰·

163 1634 323 1711 tur)
356 1625 828 1717 eloquentiam
854 1626 1143 1698 viderat.
1181 1564 1710 1717 Quamlibetva-
1780 1616 1925 1710 ‘32¹²'

166 1717 262 1786 ria
297 1717 518 1787 fuerit
551 1716 738 1788 illius
765 1720 1091 1812 temporis
1124 1733 1475 1793 oratorum
1522 1725 1715 1797 velut

166 1806 442 1880 indoles
467 1861 489 1895 ‚
516 1808 904 1905 diversique
933 1811 1271 1882 orationis
1304 1816 1534 1887 vultus
1560 1870 1579 1904 .,
1640 1818 1717 1889 in

169 1901 500 1972 omnibus
529 1914 760 1975 tamen
795 1903 1086 1973 eandem
1142 1904 1505 1976 sanitatem
1560 1909 1723 1980 elo-
1803 1923 1811 1930 '

165 1993 472 2087 quentiae
491 2046 510 2078 ‚
531 2005 599 2064 et
619 1995 964 2088 quandam
983 1991 1229 2087 judicii
1250 2021 1330 2066 ac
1346 1997 1723 2080 voluntatis

169 2084 703 2158 similitudinem
734 2100 804 2157 et
839 2086 1325 2180 cognationem
1368 2115 1721 2184 agnoscas.

165 2183 400 2250 Inerat
431 2176 576 2248 illis
598 2178 860 2272 species
887 2205 967 2248 ac
992 2194 1335 2266 venustas,
1356 2207 1496 2254 non
1520 2186 1724 2258 ador·

167 2269 752 2356 nata-cincinnis,
780 2284 896 2343 aut
929 2272 1088 2341 fuco
1122 2271 1337 2358 illita,
1394 2289 1511 2346 aut
1554 2306 1724 2351 mu..

165 2361 512 2434 liebribus
545 2363 827 2456 quaesita
858 2363 1228 2458 pigmentis
1257 2391 1281 2452 3
1326 2367 1446 2437 sed
1498 2372 1723 2463 qualis

167 2483 244 2526 ex
277 2457 562 2548 integra
586 2453 981 2525 valetudine
1014 2455 1378 2527 efflorescit
1415 2513 1432 2543 ,
1483 2469 1723 2540 nativo

167 2549 477 2644 quodam
510 2546 740 2617 colore
774 2560 843 2617 et
869 2573 1073 2618 succo
1104 2548 1356 2636 tincta,
1384 2557 1720 2648 sanguine

169 2652 231 2710 et
257 2639 536 2713 viribus
561 2638 789 2709 nitens
809 2692 828 2724 ‚
847 2640 1054 2732 plena
1081 2639 1382 2747 denique
1407 2651 1719 2723 masculae

169 2731 535 2826 cujusdam
561 2744 630 2802 et
662 2731 1075 2825 incorruptae
1107 2732 1487 2826 dignitatis,

255 2832 356 2895 At
389 2822 726 2917 panlatim
759 2822 900 2894 labi
933 2825 1075 2896 visa
1102 2837 1203 2894 est
1226 2879 1251 2911 ‚
1276 2837 1341 2896 et
1370 2827 1715 2922 diffluere,
1763 2849 1943 2918 semei

173 2931 239 2990 et
269 2940 561 3012 prorsus
591 2915 677 2985 ab
709 2916 997 3010 antiquo
1033 2942 1218 2987 more
1249 2929 1319 2988 et
1350 2921 1540 2991 cultu
1580 2925 1717 2995 de-
1767 2934 1927 3007 ,coepit

177 3033 511 3104 generare
564 3007 959 3102 eloquentia
982 3061 1001 3095 ‚
1064 3035 1469 3104 omnemque
1528 3015 1714 3090 illam
1765 2996 1955 3104 ζ’ζοζὶἶῗ

176 3116 375 3174 rectae
399 3157 406 3164 .
427 3113 497 3172 et
545 3099 688 3172 inte
741 3127 824 3171 1·ae
875 3101 1201 3172 dictionis
1245 3103 1717 3183 salubritatem
1786 3131 1929 3190 §¹⁰⁶⁰-

179 3193 493 3288 perdere.
519 3199 677 3282 Qua
739 3191 864 3262 abe
901 3198 1249 3264 Romanos
1272 3199 1530 3269 Seneca
1550 3229 1719 3295 prae-
1767 3186 1908 3233 '²⁸⁸¹‘

183 3287 418 3360 sertim
447 3285 700 3388 infecit
721 3337 742 3379 ,
777 3285 886 3365 vir
914 3286 1151 3361 multis
1181 3285 1460 3381 quidem
1484 3294 1729 3373 virtu--

1314 3403 1447 3456 av
