2175 3809
389 322 472 369 ιο
546 328 550 332 ·
855 299 1030 389 Lm.
1078 300 1134 365 1.
1182 300 1364 366 (ΖΛΓ.
1412 298 1470 367 ῐ.

377 387 706 459 defecisse
731 440 752 475 ,
797 388 912 457 secl
947 412 1201 457 curam.
1241 394 1523 475 Praestat
1566 400 1791 459 tamen
1838 388 1967 461 ina-

378 480 584 574 genio
627 480 802 549 alius
853 480 1099 563 alium,
1146 478 1453 557 concedo
1490 507 1505 548 ε
1550 480 1667 551 sed
1706 483 1967 573 utplus

379 573 685 658 efficiat,
734 583 852 649 aut
892 571 1178 655 minus;
1225 596 1427 640 nemo
1478 584 1704 641 tamen
1752 598 1967 667 repe-

382 664 562 733 ritur
595 716 614 747 .,
669 663 788 755 qui
859 662 946 731 sit
1002 660 1235 758 studio
1301 662 1479 731 nihil
1532 677 1964 734 consecutuS.

375 758 536 825 'Hoc
561 754 678 847 qui
707 753 1101 846 perviderit,
1120 754 1437 847 protinus
1460 768 1538 825 ut
1558 756 1690 824 erit
1714 781 1967 847 parens

378 846 636 930 factm,
693 870 926 941 acrem·
966 872 1169 937 quam
1220 845 1507 915 maxime
1542 871 1774 917 curam
1815 847 1964 941 spei

379 937 597 1006 futuri
634 937 924 1006 oratoris
961 936 1337 1029 impendat.

468 1034 742 1098 ILAnte
775 1028 1034 1113 omnia,
1065 1054 1151 1097 ne
1174 1028 1262 1098 sit
1276 1028 1565 1100 vitiosus
1591 1054 1812 1099 sermo
1834 1056 1969 1099 nu-

376 1120 668 1190 tricibus
699 1173 722 1206 ‚
779 1144 990 1213 quas,
1053 1118 1109 1189 si
1138 1119 1285 1189 fieri
1313 1132 1573 1213 posset,
1624 1120 1969 1213 sapientes

379 1212 800 1305 Chrysippus
827 1210 1088 1303 optavit
1110 1238 1125 1281 ε
1142 1223 1347 1298 certe,
1366 1224 1697 1305 quantum
1718 1236 1827 1281 res
1844 1238 1971 1305 pa·-

377 1303 968 1396 teretur.,'optimas
987 1304 1071 1371 eli
1128 1304 1149 1372 i
1174 1302 1514 1373 voluit.Et
1530 1328 1794 1372 morum
1813 1302 1968 1395 qui-

376 1396 534 1465 dem
561 1396 635 1464 in
655 1394 763 1464 his
784 1394 970 1463 haud
986 1330 1197 1463 dufiie
1214 1395 1599 1485 priorratio
1618 1407 1750 1463 est:
1779 1407 1965 1464 recte

373 1498 605 1555 tamen
656 1486 861 1554 etiam
903 1483 1300 1576 loquantur.
1325 1490 1475 1553 Has
1502 1484 1798 1576 primum
1826 1512 1967 1555 au-

376 1577 524 1647 diet
593 1602 743 1660 uer,
773 1576 1017 1644 harum
1042 1574 1248 1648 verba
1276 1576 1599 1667 effingere
1624 1577 1967 1647 imitando

225 1719 302 1767 W
381 1604 770 1739 conaivitur.
824 1672 914 1755 Et
961 1679 1210 1739 natura
1261 1665 1681 1737 tenacissimi
1730 1692 1967 1738 sumus

377 1786 616 1831 eorum
681 1786 828 1854 quae
893 1758 1185 1829 rudibus
1236 1758 1439 1828 annis
1491 1758 1966 1851 percipimu53

314 1857 322 1873 ““
375 1866 456 1922 ut
497 1878 696 1946 sapor
721 1905 740 1937 ‚
783 1875 920 1944 quo
961 1876 1143 1922 nova
1173 1876 1331 1922 vasa
1364 1849 1630 1921 imbuas
1658 1902 1677 1936 ‚
1710 1848 1913 1920 durat
1936 1877 1963 1937 3

323 1950 332 1974 ²
373 1972 507 2015 nec
553 1946 862 2014 lanarum
891 1942 1210 2028 colores‚·
1242 1942 1495 2035 quibus
1524 1940 1811 2033 simplex
1842 1942 1963 2013 ille
2000 1968 2004 1976 ’

303 2062 315 2093 ³
376 2036 638 2106 candor
709 2046 1009 2105 mutatus
1071 2047 1174 2102 est
1208 2085 1227 2116 ‚
1296 2034 1434 2103 elui
1497 2046 1809 2124 possunt.
1874 2040 1967 2105 Et

371 2126 522 2197 haec
567 2129 714 2218 ipsa
753 2124 967 2216 magis
999 2123 1447 2215 pertinaciter
1474 2122 1771 2210 haerent,
1814 2152 1963 2218 quae

379 2216 724 2288 deteriora
759 2228 938 2285 sunt.
973 2221 1148 2285 Nam
1171 2214 1355 2284 bona
1380 2215 1580 2286 facile
1606 2228 1969 2287 mutantur

378 2311 452 2378 in
487 2314 680 2414 pejus
703 2335 718 2376 :
745 2331 932 2376 nunc
963 2306 1241 2401 quando
1276 2306 1347 2377 in
1378 2306 1640 2377 bonum
1674 2310 1965 2381 verteris
2038 2352 2043 2355 -

379 2400 549 2470 vitia
577 2409 604 2469 ‘z’
635 2406 790 2469 Non
827 2412 1167 2469 assuescat
1200 2424 1399 2491 ergo,
1430 2424 1516 2469 ne
1544 2398 1705 2469 dum
1734 2400 1965 2473 infans

396 2491 654 2584 {uidem
689 2503 790 2559 est
813 2542 832 2572 ‚
873 2491 1173 2579 sermoni
1210 2491 1329 2581 qui
1363 2490 1819 2560 dediscendus
1849 2492 1963 2564 sit.

467 2590 545 2651 In
574 2578 974 2672 parentibus
1005 2606 1167 2651 vero
1202 2579 1783 2675 quamplurimum
1816 2610 1965 2654 esse

377 2672 792 2743 eruditionis
823 2671 1224 2766 optaverim.
1257 2680 1515 2743 Verum
1546 2696 1675 2743 nec
1708 2674 1790 2742 de
1827 2700 1965 2767 pa-

371 2764 594 2835 tribus
637 2776 903 2855 tantum
952 2764 1218 2856 loquor.
1252 2770 1439 2841 ,Nam
1482 2764 1958 2837 Gracchorum

373 2855 781 2951 eloquf'e‘ntiae
807 2855 1098 2925 multum
1120 2855 1487 2925 contulisse
1534 2861 1647 2941 (ι)
1674 2858 1962 2950 accepi-

375 2976 527 3019 mus
554 2944 942 3019 Corneliam
975 2958 1281 3031 matrem,
1310 2949 1415 3036 cuj
1426 2973 1503 3016 us
1526 2946 1968 3021 doctissimus

373 3066 594 3111 sermo
623 3038 694 3108 in
722 3050 1028 3130 posteros
1053 3062 1191 3130 quo
1241 3063 1325 3107 ue
1358 3051 1459 3107 est
1491 3038 1800 3130 epistolis
1828 3053 1967 3113 tra-

373 3132 598 3216 ditus;
621 3143 688 3201 et
709 3127 902 3201 Laelii
930 3128 1074 3199 filia
1101 3154 1170 3199 re
1223 3128 1479 3201 didisse
1508 3130 1579 3200 in
1608 3129 1963 3223 loquendo

367 3234 722 3314 paternam
785 3220 1251 3314 eloquentiam
1313 3221 1569 3293 dicitur
1610 3248 1633 3308 3
1696 3236 1765 3292 et
1824 3228 1960 3313 (2)

442 3362 460 3426 (
484 3361 540 3430 ι)
559 3364 638 3415 De
655 3362 882 3414 Cornelia
897 3402 910 3425 ‚
939 3375 986 3413 et
1005 3360 1145 3412 Laelii
1166 3361 1271 3415 filia
1286 3363 1402 3414 vide
1425 3363 1585 3416 Cicer.
1608 3364 1663 3415 in
1683 3367 1819 3418 Brun.
1836 3383 1891 3416 αι
1910 3382 1960 3417 1.

445 3428 469 3495 <
487 3428 552 3495 ι)
585 3434 607 3482 Ν-
625 3429 705 3479 idc
723 3428 852 3481 hanc
873 3428 1134 3485 hjstoxim
1154 3429 1290 3500 apud
1307 3431 1478 3490 Valet.
1498 3434 1639 3487 Max.
1652 3433 1820 3502 lime,
1832 3451 1881 3486 c.
1904 3432 1962 3487 ³.

275 1122 303 1146 ἱ
