2175 3809
754 216 885 285 ΒΕ
939 220 1401 287 Tnsruvs.
1735 204 1893 287 233-

293 318 454 389 nire
484 344 508 405 3
543 331 618 389 ut
645 319 785 405 illi,
817 321 1004 413 quod
1033 323 1317 393 maxime
1352 322 1577 393 dicere
1610 323 1865 410 voluit,

286 410 616 481 >videatur
653 418 1059 505 expressum.
1093 420 1235 481 Nec
1278 413 1566 482 nimium
1614 412 1868 483 instare

297 499 860 594 interrogationi,
893 528 976 570 ne
1007 502 1093 570 ad
1114 503 1341 571 omnia
1370 502 1879 595 respondendo,

295 590 492 660 testis
527 592 731 663 fidem
765 617 955 662 suam
989 591 1256 661 minuat
1284 618 1305 676 3
1340 592 1457 662 sed
1494 598 1595 677 (1)
1628 592 1699 661 in
1725 604 1873 661 tan·

293 694 448 750 tum
501 706 782 752 evocare
824 708 978 751 eum
1005 734 1024 767 ‚
1066 695 1403 774 quantum
1462 706 1727 751 sumere
1791 706 1873 752 ex

293 796 444 841 uno
477 773 640 841 satis
678 782 800 839 est.

391 868 486 929 At
525 862 596 932 in
644 887 770 945 e0,
824 860 938 965 qui
983 868 1223 934 verum
1273 861 1531 933 invitus
1562 861 1875 932 dicturus

303 964 443 1036 est,
487 953 704 1044 prima
740 951 1032 1021 felicitas
1082 952 1570 1043 interrogantis
1616 966 1717 1021 est
1763 964 1876 1021 exh-

299 1056 414 1112 tor
463 1068 623 1111 uere
657 1041 840 1147 quod
878 1040 933 1110 is
981 1041 1306 1111 noluerit.
1362 1046 1519 1111 Hoc
1566 1068 1704 1110 non
1736 1042 1875 1111 alio

299 1068 508 1201 modo
545 1131 693 1202 fieri
728 1144 951 1223 potest
977 1185 994 1215 ,
1045 1158 1243 1223 quam
1282 1132 1551 1223 longius
1582 1133 1876 1201 interro-

305 1223 582 1315 gatione
610 1222 920 1313 repetita.
950 1228 1084 1289 Res
1135 1221 1421 1313 ‚ondebit
1450 1222 1634 1290 enim
1657 1274 1674 1304 ,
1730 1246 1877 1319 quae

303 1338 555 1381 nocere
589 1336 804 1382 causoe
839 1336 978 1379 non
1013 1248 1501 1381 argitrahitur:
1536 1336 1616 1380 ex
1663 1311 1881 1403 pluri-

303 1402 436 1475 bus
471 1402 758 1486 deinde,
795 1427 941 1492 quae
983 1400 1333 1470 confessus
1384 1401 1553 1485 erit,
1602 1427 1683 1470 eo
1724 1427 1878 1493 per-

307 1493 636 1578 ducetur,
661 1504 733 1560 ut
751 1543 768 1576 ,
836 1492 975 1561 uod·
997 1490 1225 1563 dicere
1249 1516 1392 1561 non
1415 1492 1563 1561 vult
1580 1544 1599 1576 ‚
1628 1494 1879 1582 negare

309 1610 452 1653 non
492 1584 730 1675 possit.
825 1608 962 1665 am,
1009 1595 1084 1650 ut
1129 1582 1201 1651 in
1248 1582 1597 1666 oratione,
1648 1606 1881 1675 sparsa

309 1674 709 1767 plerumque
775 1672 1157 1763 colligimus
1213 1686 1610 1763 argumenta
1645 1724 1663 1754 ,
1732 1696 1881 1763 quae

309 1788 435 1856 per
481 1790 550 1833 se
595 1762 770 1831 nihil
821 1788 1011 1831 reum
1063 1782 1429 1853 aggravare
1470 1762 1882 1845 videantur,

311 1853 842 1947 congregatione
885 1851 1133 1931 deinde
1170 1878 1405 1920 eorum
1446 1851 1699 1919 factum
1726 1876 1883 1919 con-

309 1945 693 2016 vincim'us:
738 1944 832 2013 ita
875 1941 1267 2031 hujusmodi
1316 1940 1509 2012 testis
1542 1940 1756 2021 multa
1797 1940 1885 2021 de

311 2035 646 2111 anteactis
670 2087 689 2120 ,
725 2033 940 2125 multa
986 2031 1070 2101 de
1104 2032 1467 2115 insecutis,
1500 2031 1684 2113 loc0,
1715 2044 1889 2099 tem-

203 2574 230 2601 Ι

313 2152 526 2219 pore,
581 2150 872 2217 persona
903 2175 924 2203 ‚
971 2123 1362 2214 caeterisque
1416 2134 1518 2190 est
1576 2122 1889 2191 interro-

313 2214 622 2311 gandus‘3
650 2228 725 2284 ut
749 2216 820 2283 in
847 2212 1128 2307 aliquod
1160 2216 1555 2305 responsum
1585 2212 1845 2291 incidat
1864 2264 1887 2297 ,

314 2319 472 2399 post
497 2305 692 2399 *quod
746 2304 850 2373 illi
897 2305 1005 2372 vel
1053 2304 1294 2386 fateri,
1334 2328 1481 2397 quae
1523 2301 1833 2373 volumus
1866 2354 1889 2387 ,

318 2422 594 2467 necesse
621 2395 709 2469 sit
739 2419 760 2478 3
789 2394 895 2463 vel
929 2393 1051 2477 iis,
1085 2397 1391 2483 quaejam
1434 2392 1698 2463 dixerat
1722 2447 1741 2479 ,
1782 2419 1894 2463 re·-

315 2512 650 2581 pugnare.
701 2484 780 2554 ld
828 2484 883 2553 si
935 2496 1076 2559 non'
1120 2484 1503 2575 contingit,
1538 2485 1892 2578 ,reliquum

317 2578 491 2662 erit,
524 2591 600 2647 ut
629 2603 783 2647 eum
816 2574 998 2663 nolle
1034 2576 1259 2654 dicere
1295 2575 1728 2652 manifestum
1760 2576 1847 2641 sit
1866 2598 1893 2656 3

317 2667 998 2763 protrahendusque,
1041 2678 1121 2733 ut
1154 2665 1227 2733 in
1268 2666 1357 2733 ali
1409 2690 1534 2748 uo,
1568 2658 1751 2756 quod
1784 2662 1893 2731 vel

319 2772 510 2832 extra
534 2784 802 2829 causam
833 2757 919 2825 sit
939 2808 972 2839 „
997 2690 1568 2847 deprehenfflatur.
1599 2760 1893 2822 Tenen—

320 2849 451 2920 du's
499 2850 705 2923 etiam
753 2847 1012 2918 diutius
1043 2849 1195 2929 ,‘ut
1244 2848 1473 2922 omnia
1526 2870 1603 2912 ac.
1631 2844 1891 3001 ἔθανε,

319 2964 528 3033 quam
565 2966 669 3009 res
713 2936 1085 3019 desiderat,
1119 2962 1242 3029 pro
1276 2964 1393 3006 reo
1426 2935 1623 3007 dicen
1678 2958 1720 3000 ο
1751 2958 1897 3001 sus-

321 3045 562 3125 pectus
586 3028 798 3120 judici
819 3028 974 3096 fiat:
1010 3054 1149 3121 quo
1174 3054 1313 3101 non
1342 3027 1563 3095 minus
1585 3022 1894 3109 nocebit,

323 3148 528 3219 quam
565 3122 619 3191 si
647 3130 805 3193 vera
835 3120 908 3189 in
945 3144 1135 3187 reum
1168 3118 1463 3193 dixisset.

396 3246 421 3309 (
431 3248 480 3311 ι)
499 3246 614 3295 Non
629 3245 794 3295 omnia
811 3260 919 3311 quae
932 3244 1085 3311 posita
1100 3256 1205 3291 suna
1223 3240 1278 3290 in
1296 3236 1640 3301 controversia,
1656 3235 1741 3286 sed
1757 3237 1897 3314 quod

325 3311 472 3433 tzilqbis
505 3312 626 3363 utile
659 3310 752 3363 erit
781 3312 843 3362 ab
861 3326 920 3361 eo
935 3320 1223 3377 poscemus;
1241 3306 1433 3374 reliqua
1464 3306 1526 3369 ab
1542 3304 1655 3357 aliis
1677 3304 1897 3375 testibus,

325 3424 334 3430 .
392 3392 505 3439 um,
