2175 3809
329 236 469 313 ‘1336
759 246 938 313 Lus.
1006 248 1139 314 IV.
1199 247 1391 315 Cn.
1440 230 1537 313 Ι.ι

370 330 576 403 modo
621 330 866 430 debet,
911 348 980 405 et
1027 348 1128 405 est
1168 347 1393 405 tamen
1440 334 1619 428 parti
1665 333 1971 441 utrique}

369 435 780 513 commune)
806 452 829 513 3
877 425 994 499 sed
1027 428 1082 497 si
1132 428 1400 498 laudem
1432 425 1699 517 ejusmd
1732 426 1941 495 utili-

365 526 574 587 tatem
633 533 875 589 nostrae
927 543 1143 590 causoe
1198 518 1751 609 conjunxerimus
1782 570 1802 602 ,
1866 528 1943 585 ut

367 606 738 700 allegemus
802 636 927 701 pro
992 608 1297 681 honestis
1358 610 1767 703 dignitatem
1837 607 1942 677 illi

259 705 264 709 '
367 722 558 767 suam
578 751 599 783 ,
633 724 758 792 pro
790 700 1169 772 humilibus
1195 702 1525 791 justitiam
1551 754 1569 783 ‚
1607 724 1731 792 pro
1765 698 1941 771 infe-

364 788 612 858 licibus
647 792 1228 878 misericordiam,
1284 819 1407 885 pro
1458 791 1628 861 laesis
1676 790 1943 861 severi-

361 890 570 949 tatem
591 934 608 965 ‚
663 896 730 951 et
763 884 1080 955 similiter
1112 898 1371 954 caetera.
1404 890 1631 953 Mores
1666 907 1940 975 quoque

367 972 460 1055 (si
506 971 655 1043 fieri
695 985 960 1067 potest)
999 975 1245 1065 judicis
1281 976 1483 1061 velim
1523 998 1741 1045 nosse.
1764 980 1943 1043 Nam

364 1077 571 1154 prout
628 1068 848 1158 asperi
889 1120 908 1155 ‚
969 1068 1155 1137 lenes
1184 1121 1201 1151 ‚
1264 1065 1548 1152 jucundi
1590 1118 1609 1149 ‚
1659 1090 1895 1170 graves
1926 1116 1945 1149 ‚

363 1154 560 1242 duri,
591 1157 850 1228 remissi
887 1171 1090 1229 erunt
1118 1184 1139 1245 3
1170 1172 1287 1227 aut
1312 1182 1649 1229 assumere
1683 1182 1755 1225 in
1782 1181 1940 1225 cau-

360 1272 504 1317 sam
539 1262 817 1319 naturas
845 1276 1082 1321 eorum
1107 1302 1125 1336 ‚
1168 1277 1300 1341 qua
1336 1260 1725 1340 competent
1754 1272 1777 1332 3
1822 1258 1939 1315 aut

363 1337 676 1431 mitigare
703 1392 723 1425 ‚
758 1369 890 1434 qua
924 1340 1440 1433 repugnabunt,
1477 1337 1847 1432 oportebit.

449 1430 724 1499 Accidit
767 1446 994 1503 autem
1030 1433 1303 1509 interim
1334 1431 1468 1500 hoc
1498 1456 1811 1523 quoque,
1862 1441 1933 1499 ut

361 1532 481 1589 aut
545 1520 745 1589 n‘obis
803 1523 1125 1593 inimicus
1163 1576 1177 1603 ,
1252 1536 1365 1590 aui
1395 1520 1810 1606 ‚adversario
1850 1521 1935 1589 sit

363 1609 646 1695 annom,
679 1613 794 1703 qui
823 1613 1285 1707 judicatzquae
1319 1639 1425 1681 res
1454 1612 1725 1705 utrique
1760 1611 1934 1703 parti

361 1702 718 1773 tractanda
751 1718 886 1790 est,
921 1730 999 1775 ac
1043 1705 1313 1789 nescio,
1350 1728 1435 1773 an
1476 1704 1541 1772 ei
1574 1703 1827 1795 magis,
1862 1702 1933 1771 in

362 1816 566 1884 quam
609 1793 880 1867 videtur
919 1796 1345 1901 propensior.
1388 1800 1510 1865 Est
1538 1794 1727 1863 enim
1770 1818 1935 1863 non-

361 1906 716 1977 nunquam
757 1913 982 1979 pravis
1029 1885 1375 1979 judicibus
1424 1885 1538 1957 hic
1584 1882 1883 1955 ambitus
1913 1936 1933 1971 ‚

363 1974 683 2046 adversus
709 1978 960 2047 amicos
986 2030 1004 2064 ‚
1035 1989 1156 2047 aut
1198 2002 1319 2069 pro
1350 1975 1492 2060 his,
1574 1974 1933 2046 uibuscum

361 2067 738 2137 simultates
770 2082 1044 2160 gerant,
1128 2068 1509 2139 ronuncian
1565 2096 1631 2153 ι,
1666 2066 1935 2138 facien-

305 2176 309 2181 “
359 2154 569 2249 dique
596 2211 614 2243 ,
659 2160 908 2249 injuste
943 2186 1031 2229 ne
1066 2097 1302 2231 Fecisse
1339 2160 1724 2231 videantur.
1757 2166 1934 2232 Fue·-

358 2261 524 2317 runt
569 2250 774 2320 etiam
822 2250 1101 2343 quidam
1155 2278 1384 2334 rerum
1422 2264 1694 2321 suarum
1737 2250 1931 2339 judi-

358 2362 490 2407 ces,
543 2347 715 2410 Nam
772 2354 850 2427 et,
899 2343 971 2413 in
1039 2343 1235 2413 libris
1282 2343 1837 2413 observationum
1895 2366 1933 2410 a

355 2430 684 2520 Septimio
707 2434 931 2520 editis,
967 2435 1238 2506 affuisse
1264 2442 1363 2520 (1)
1386 2434 1786 2505 Ciceronem
1812 2430 1929 2502 tali

353 2537 572 2590 causoe
597 2524 874 2595 invenio
911 2538 1018 2595 :et
1049 2552 1177 2619 ego
1202 2552 1327 2619 pro
1348 2528 1584 2619 regina
1607 2532 1707 2611 (2)
1724 2532 1931 2595 Bere-

355 2611 508 2682 nice
567 2616 750 2707 apud
788 2644 934 2688 eam
969 2644 1241 2688 causam
1290 2618 1451 2687 dixi.
1504 2616 1760 2688 Similis
1819 2616 1931 2685 hic

351 2728 624 2799 quoque
644 2710 1113 2803 superioribus
1132 2710 1308 2780 ratio
1327 2722 1449 2779 est.
1466 2716 1565 2795 (3)
1580 2710 1932 2779 Adversa-

421 2880 445 2948 (
459 2882 520 2943 Ι)
547 2884 864 2951 Mat-cessuim,
891 2884 1209 2949 Deiotarum,
1242 2884 1503 2953 Ligarium
1532 2883 1759 2935 defendit
1798 2880 1937 2951 apud

348 2945 582 2999 Caesarem
605 2948 824 3014 judicem
845 2985 860 3008 ,
883 2950 1024 3016 cujus
1045 2964 1148 3003 erat
1169 2970 1308 3003 causa
1338 2952 1495 3003 sl'um.

419 3026 441 3096 (
459 3029 530 3097 α)
555 3033 788 3082 Berenice
819 3034 924 3084 haec
946 3050 1072 3085 uxor
1108 3036 1204 3087 fuit
1230 3034 1475 3087 Ptolemaei
1512 3035 1659 3100 Regis
1682 3012 1897 3101 AEgypti
1918 3070 1937 3098 ‚

347 3103 451 3153 fllia
471 3097 706 3165 Herodis,
721 3102 871 3167 Regis
893 3104 922 3150 J
926 3100 1096 3166 udaeae,
1114 3114 1160 3151 et
1172 3120 1312 3153 soror
1326 3102 1589 3171 Agrippa,
1612 3099 1768 3151 aTiw
1790 3100 1933 3151 fratre

345 3168 627 3219 Domitiani
656 3168 892 3217 adamata.
939 3166 1099 3221 Tum.

417 3250 440 3315 (
459 3250 489 3298 3
509 3252 530 3315 )
561 3250 740 3304 Orator
757 3250 848 3315 qui
877 3249 978 3313 agit
991 3250 1221 3301 adversus
1240 3250 1471 3301 Judicem
1485 3288 1501 3313 ‚
1516 3248 1666 3315 iactat
1686 3246 1934 3297 fiduciam
1958 3286 1961 3289 -

346 3325 442 3362 oua
457 3312 610 3379 partis
623 3350 638 3376 ,
659 3320 766 3378 quae
785 3314 919 3363 nihil
942 3316 1081 3365 timet
1102 3336 1127 3365 a
1148 3336 1237 3367 sno
1252 3316 1419 3379 iudice
1441 3353 1456 3381 ,
1476 3314 1594 3365 licet
1608 3312 1827 3363 eundem
1842 3312 1941 3361 ad·-

345 3376 618 3433 ‚versarium
645 3390 692 3427 et
719 3376 936 3442 iudicem
968 3378 1164 3435 haheat.
1201 3384 1381 3437 Contra
1404 3418 1423 3448 ‚
1454 3392 1687 3449 patronus
1722 3378 1815 3448 qui
1842 3394 1939 3448 pte
