2175 3809
639 223 1254 300 PnAErAaeia
1606 223 1737 316 xm

199 341 330 414 que
353 329 434 390 ut
457 315 544 388 de
571 317 835 390 forensi
861 317 1256 412 eloquentia
1275 327 1533 388 taceam
1555 369 1573 400 ‚
1595 342 1741 410 quae
1766 311 1775 320 ’

195 423 432 482 tamen
465 411 624 503 plus
657 409 1004 480 modestiae
1031 421 1098 479 et
1132 407 1523 478 sobrietatis
1563 409 1745 477 reti-

195 501 358 572 nuit
380 556 402 586 ‚
437 502 592 594 quis
627 526 768 571 non
803 503 1090 570 miretur
1120 525 1201 570 ac
1244 500 1475 570 doleat
1521 499 1593 568 in
1615 524 1746 571 sa-

197 619 314 664 cra
347 594 561 664 etiam
597 593 862 686 pulpita
889 593 1216 684 irrupisse
1255 591 1435 663 hanc
1467 589 1746 662 dicendi

191 685 558 756 lasciviam
596 698 668 755 et
698 684 1034 754 luxuriem
1069 735 1088 769 ‚
1138 709 1284 776 quae
1318 709 1403 753 ne
1438 681 1747 777 profanis

192 778 484 870 quidem
508 775 896 847 oratoribus
914 775 1391 870 permittatur?
1408 775 1563 847 Scio
1578 775 1748 845 mul?-

192 881 304 939 tos
341 871 492 939 'esse
521 868 640 963 qui
675 868 760 939 de
817 867 1074 940 divinis
1112 866 1315 937 rebus
1346 867 1553 962 digne
1587 873 1743 937 Deo
1790 880 1979 932 amine.

201 961 559 1032 disserant
579 1014 597 1047 ‚
633 962 988 1053 magnific&
1010 964 1405 1051 sapientiam
1434 963 1745 1030 tractan-
1820 956 1867 990 ²·
1886 956 1959 1002 ⁹⁰·

197 1065 294 1124 tes
327 1107 347 1138 ‚
415 1079 549 1124 nec
597 1065 1062 1146 cauponantes
1124 1064 1245 1121 aut
1292 1051 1745 1124 adulterantes
1791 1051 1971 1102 ²0⁰³·

202 1145 474 1219 verbum
507 1145 664 1216 Dei.
697 1145 832 1216 Sed
865 1145 950 1216 de
985 1143 1141 1214 aliis
1166 1143 1436 1238 loquor.
1804 1126 1946 1170 ²⁶¹⁷·

289 1244 406 1308 An
439 1237 777 1328 ejusmodi
807 1236 1221 1322 conciones,
1278 1236 1399 1306 ubi
1444 1249 1743 1307 vertun-
1780 1237 1979 1286 ⁶⁰⁰050·

199 1340 318 1400 tur
371 1330 776 1424 gravissima
839 1354 1072 1400 rerum
1116 1341 1523 1405 aeternarum
1583 1355 1745 1400 mo-
1780 1315 1977 1408 32⁸1}ssss

201 1435 436 1492 menta
463 1477 482 1509 ‚
519 1423 748 1492 laetum
803 1420 1002 1492 decet
1057 1433 1128 1491 et
1184 1419 1403 1492 hilare
1462 1421 1740 1493 dicendi
1789 1420 1961 1527 ⁸252·

242 1539 420 1584 enus
446 1567 464 1598 ‚
501 1514 691 1608 quod
721 1526 842 1584 aut
873 1511 1259 1607 puerilibus
1306 1514 1742 1585 sententiolis
1790 1497 1978 1588 canii-2-

193 1539 512 1677 fasciviat
539 1659 558 1691 ‚
593 1619 713 1677 aut
741 1607 1000 1677 casuris
1028 1605 1088 1676 si
1119 1605 1362 1676 leviter
1390 1606 1743 1678 excutian·
1790 1603 1977 1709 ’ἒξ

195 1709 314 1767 tur
344 1697 658 1770 flosculis
689 1699 960 1769 niteat?
1004 1709 1116 1768 Au
1151 1696 1512 1792 quisquam
1562 1722 1743 1770 sanae
1790 1736 1950 1785 genus.

195 1791 452 1860 mentis
515 1790 690 1861 ferat
749 1802 1091 1860 oratorem
1117 1843 1136 1876 ‚
1198 1786 1318 1884 ubi
1382 1792 1563 1862 salus
1625 1805 1747 1862 aut

195 1881 548 1976 pernicies
611 1881 1042 1954 audientium
1109 1881 1341 1973 agitur
1391 1934 1411 1966 ‚
1478 1884 1749 1953 curiose

194 1974 410 2046 verba
441 1988 900 2068 aucupantem
925 2026 947 2060 ‚
1000 1975 1074 2044 in
1103 1971 1549 2044 dimetiendis
1597 1974 1751 2068 syl-

197 2065 378 2136 labis
410 2067 1050 2162 componendisque
1099 2063 1388 2137 vocibus
1440 2092 1753 2160 occupa-

195 2170 380 2244 tum,
425 2174 911 2252 congerentem
944 2158 1249 2230 studiose
1293 2159 1633 2230 antitheta
1672 2172 1749 2231 ut

199 2252 477 2321 aurium
542 2250 881 2346 voluptati
949 2252 1201 2324 serviat
1231 2303 1252 2336 ‚
1330 2249 1747 2347 anxiumque

199 2341 284 2414 de
318 2344 504 2413 sama
537 2343 844 2438 ingenii,
883 2357 951 2414 et
981 2345 1091 2414 cui
1147 2367 1290 2413 esse
1326 2342 1585 2414 diserto
1615 2371 1751 2416 va-

199 2449 306 2506 cet
359 2445 386 2506 ?
443 2441 1062 2508 Commoveaturne
1124 2436 1483 2529 quisquam
1556 2435 1747 2508 iuius

199 2526 809 2598 adhortationibus
886 2540 1006 2598 aut
1098 2527 1687 2619 increpationibus
1723 2582 1762 2614 ‚.

196 2645 406 2713 quem
437 2619 781 2689 tumidum
801 2673 819 2707 ‚
846 2643 926 2691 ac
955 2623 1061 2694 sui
1094 2624 1490 2710 jactantem,
1516 2633 1582 2690 et
1610 2645 1746 2690 am-

147 2759 170 2774 ·
197 2710 532 2782 bitiosum
566 2711 949 2788 institorem
982 2711 1393 2804 eloquentiae
1443 2712 1514 2781 in
1548 2725 1745 2783 tanto

199 2829 324 2874 suo
354 2815 426 2873 et
460 2803 756 2872 aliorum
814 2802 1215 2874 discrimine
1264 2803 1494 2876 videat
1523 2813 1549 2875 'z‘
1584 2809 1747 2892 Quo

197 2896 459 3002 fugerit
521 2894 800 2965 interim
859 2895 1064 2966 ardor
1128 2894 1245 2966 ille
1316 2910 1384 2966 et
1451 2896 1747 2988 impetus

203 2987 458 3072 animi,
494 3012 630 3080 quo
671 2987 958 3078 flagrare
1009 2989 1156 3082 ipse
1220 3001 1287 3059 et
1330 2987 1743 3060 inflammari
1790 3054 1799 3065 ,

205 3078 443 3164 debet,
478 3079 596 3172 qui
623 3091 900 3149 caeteros
935 3083 1127 3175 cupit
1154 3080 1743 3168 incendere?Non
1790 3155 1809 3168 ..

201 3171 490 3265 perdant
521 3170 665 3242 haec
690 3171 922 3241 omnia
939 3172 1399 3244 necessarium
1427 3170 1511 3241 de
1532 3172 1745 3250 tantis

203 3263 402 3336 rebus
431 3289 516 3334 ac
548 3263 874 3356 peric-ulis
899 3266 1131 3358 agenti
1156 3264 1439 3336 affectus
1462 3276 1533 3336 et
1560 3263 1751 3337 solli·-

206 3355 530 3457 citudinis
565 3355 916 3428 colorem?

844 3577 878 3588 κ
