2175 3809
377 294 508 358 282
783 292 968 355 an.
1014 290 1099 352 V.
1144 286 1330 357 Cn.
1375 288 1465 351 X.
1538 321 1549 339 ο

370 401 585 447 causa·
609 429 627 460 ‚
679 376 863 469 quod
898 374 1433 467 Amphictyones
1467 372 1819 461 judicant:
1866 384 1949 440 ut

371 468 504 537 alia
555 468 738 559 apud
775 466 1274 546 centumviros,
1318 464 1451 533 alia
1496 463 1676 556 apud
1720 463 1946 555 priva-

369 570 516 627 tum
569 558 866 645 judicem
917 559 988 627 in
1031 556 1273 627 iisdem
1306 553 1794 647 quaestionibus
1838 566 1947 623 ra·-

371 648 472 719 tio
523 649 631 717 sit.
1446 707 1453 719 ‚

465 746 648 807 Tum
690 737 990 807 secundo
1037 736 1251 831 gradu
1288 761 1426 805 non
1444 736 1768 895 (potuisse
1804 734 1950 803 do·-

373 830 522 899 nari
574 854 612 897 a
661 829 919 899 victore
981 834 1086 917 jus
1117 880 1139 913 ,
1196 827 1437 919 quia'i
1536 826 1808 895 demum
1850 826 1949 894 sit

369 923 516 1006 ejus
553 972 571 1001 ‚
628 919 814 1011 quod
870 920 1012 1011 ipse
1061 931 1347 1003 teneat3
1402 922 1555 1006 jus,
1610 916 1794 1009 quod
1854 915 1947 986 sit

372 1008 836 1101 incorporale,
867 1035 903 1077 a
957 1007 1289 1102 prehendi
1326 1030 1530 1077 manu
1558 1032 1697 1076 non
1722 1016 1945 1098 posse.

368 1104 523 1169 Hoc
564 1099 860 1191 reperire
948 1098 1245 1169 ifficilius
1278 1150 1297 1182 ‚
1339 1124 1538 1191 quam
1564 1150 1581 1181 ‚
1637 1122 1789 1166 cum
1836 1097 1947 1166 in-

367 1188 634 1259 veneris
659 1242 680 1271 ‚
715 1189 1133 1281 argumentis
1164 1188 1484 1279 adjuvare
1520 1216 1535 1257 z
1572 1200 1647 1257 ut
1688 1186 1823 1256 alia
1856 1185 1946 1257 sit

371 1279 681 1363 conditio
725 1279 1040 1365 heredis,
1100 1278 1231 1349 alia
1279 1278 1600 1364 victoris;
1654 1279 1815 1371 quia
1848 1277 1948 1360 ad

277 1404 285 1409 ·
371 1369 566 1439 illum
624 1376 729 1458 jus
764 1422 783 1455 ‚
840 1370 926 1439 ad
986 1368 1173 1439 hunc
1236 1394 1341 1440 res
1396 1381 1716 1439 transeat.
1760 1376 1947 1439 Pro-

369 1460 596 1551 prium
634 1459 884 1529 deinde
930 1460 1271 1544 materiae‚
1321 1465 1427 1550 jus
1482 1458 1737 1552 publici
1784 1486 1947 1529 cre-

369 1549 496 1619 diti
543 1550 832 1619 transire
891 1548 977 1619 ad
1019 1551 1347 1620 victorem
1404 1575 1542 1619 non
1598 1550 1951 1643 potuisse3

419 1638 531 1707 uia
565 1692 584 1723 .,
638 1639 824 1730 quod
855 1640 1147 1731 populus
1182 1640 1591 1727 crediderit,
1623 1640 1944 1722 omnibus

367 1662 702 1799 :iebemur
720 1754 743 1815 3
776 1742 844 1797 et
872 1783 890 1814 ‚
920 1728 1245 1821 quamdiu
1292 1730 1595 1835 quilibet
1620 1756 1799 1800 unus
1839 1755 1949 1799 su-

369 1820 753 1979 ger-suerit,
806 1846 948 1889 esse
1005 1846 1161 1889 eum
1204 1832 1417 1890 totius
1465 1846 1737 1891 summae
1785 1846 1949 1890 cre-

421 1909 659 1980 iterem
694 1938 710 1980 ε
743 1910 1116 1980 Thebanos
1149 1924 1375 1987 autem
1416 1936 1559 1981 non
1592 1937 1828 1980 omnes
1868 1912 1963 1981 in·

370 2000 739 2083 Alexandri
793 2028 996 2070 manu
1056 2001 1285 2069 fuisse.
1337 2007 1493 2071 Hoc
1521 2027 1662 2071 non
1694 2002 1949 2071 extrin-

369 2116 561 2159 secus
603 2090 932 2183 probatur
967 2100 1155 2183 (quae
1192 2092 1295 2161 vis
1328 2105 1429 2163 est
1470 2094 1949 2185 argumenti),

363 2180 481 2249 sed
534 2182 753 2272 ipsum
789 2208 910 2273 per
941 2208 1009 2250 se
1043 2181 1245 2251 valet.

455 2271 678 2341 Tertii
715 2271 848 2340 loci
892 2296 1045 2377 pars
1094 2272 1283 2364 prior
1334 2272 1549 2365 magis
1600 2272 1943 2367 vulgaris,

323 2358 504 2429 'non
563 2361 632 2430 in
693 2361 946 2431 tabulis
989 2390 1132 2432 esse
1193 2368 1351 2454 jus3
1425 2364 1652 2457 itaque
1706 2364 1945 2433 multis

361 2452 780 2541 argumentis
829 2452 1106 2522 defendi
1152 2467 1395 2546 potest.
1432 2461 1631 2525 Mens
1661 2480 1940 2548 quoque

362 2541 730 2611 Alexandri
770 2542 930 2613 duci
975 2543 1179 2613 debet
1213 2545 1280 2613 in
1315 2545 1602 2615 dubium
1636 2599 1655 2629 ‚
1705 2546 1954 2615 hono-

363 2632 528 2701 rarit
561 2658 674 2702 eos
706 2685 727 2718 ‚
777 2658 864 2703 an
897 2634 1266 2727 deceperit.
1308 2635 1487 2706 Illud
1532 2640 1953 2727 jamrursus

361 2724 657 2793 materiae
710 2726 1063 2816 proprium
1103 2777 1122 2811 ‚
1176 2739 1242 2795 et
1292 2728 1479 2796 velut
1524 2752 1713 2797 novae
1758 2753 1949 2798 con-

360 2816 701 2884 troversiae
749 2840 769 2899 ;
831 2815 1015 2906 quod
1081 2818 1517 2887 restitutione
1598 2818 1947 2911 recepisse

357 2910 511 2993 jus»,
567 2906 770 2975 etiam
830 2907 884 2975 si
933 2908 1118 2999 quod
1160 2910 1561 2993 amiserint,
1614 2909 1953 2979 Thebani·

359 2995 702 3065 videniur.
748 2996 884 3067 Hic
919 3009 1030 3081 et,
1083 3000 1253 3090 quid
1298 3000 1673 3071 Cassander
1719 3000 1883 3069 velit
1920 3048 1953 3086 r

359 3085 727 3175 quaeritur:
763 3086 879 3156 sed
913 3089 1018 3157 vel
1054 3092 1524 3180 potentissima
1554 3090 1737 3183 apud
1775 3097 1947 3162 Am-

309 3218 320 3231 *
357 3176 764 3266 phictyonas
794 3178 964 3269 aequi
1004 3183 1318 3251 tractatio
1352 3196 1475 3251 est.

449 3270 564 3333 lv.
583 3273 744 3337 Haec
768 3294 906 3335 non
929 3268 1184 3339 idcirco
1206 3272 1383 3356 dioc,
1412 3272 1594 3364 quod
1617 3264 1943 3343 inutilem

355 3349 601 3421 horum
651 3354 938 3425 locorum
979 3409 998 3443 ,
1058 3387 1139 3429 ex
1205 3362 1455 3455 quibus
1496 3377 1939 3457 ‘argumenta
