2175 3809
543 246 657 309 DE
699 245 895 311 'Loc1s
945 264 1541 313 Aaouivmmvnum.
1684 251 1811 313 281

233 330 447 491 'Apud
485 337 585 417 (1)
617 330 1155 425 Amphictyonas
1210 334 1457 425 agitur.
1526 336 1816 403 Centum

235 436 300 489 ta
336 435 496 491 enta
551 435 616 491 et
650 423 1017 491 credidisse
1051 450 1166 493 eos
1202 436 1507 507 constat,
1566 437 1630 492 et
1674 451 1815 493 non

235 514 598 604 recepisse.
631 513 751 581 Lis
783 514 1001 581 omnis
1037 540 1117 581 ex
1150 538 1231 583 eo
1259 567 1276 596 .,
1310 514 1495 619 quod
1526 514 1815 591 Alexan-

231 602 359 673 der
395 629 474 671 ea
501 604 850 673 Thessalis
877 602 1163 673 donasse
1206 605 1463 674 dicitur
1486 658 1503 689 ‚
1538 606 1813 696 pendet.

230 699 520 763 Constat
579 693 752 763 iliud
801 720 1116 786 quoque,
1180 721 1319 764 non
1369 721 1511 764 esse
1569 695 1674 763 his
1726 696 1812 765 ab

228 784 625 855 Alexandro
701 785 1060 875 pecuniam
1106 784 1421 855 'datamx
1468 786 1816 873 Quaeritur

229 872 400 968 ergo
436 925 454 957 .,
519 902 608 945 an
645 876 918 964 perinde
966 881 1057 967 sit
1096 928 1113 958 ‚
1161 876 1347 966 quod
1389 877 1618 947 datum
1667 890 1812 960 est,

223 992 313 1035 ac
354 970 422 1034 si
455 971 802 1055 pecuniam
851 966 1163 1035 dederit?
1205 966 1391 1054 Quid
1434 967 1847 1057 proderunt'

223 1068 788 1147 argumentorum
816 1055 974 1139 loci,
1004 1056 1131 1124 nisi
1164 1056 1302 1127 haec
1323 1058 1511 1149 prius
1536 1056 1807 1141 videm,

221 1146 406 1215 nihil
456 1172 607 1215 eum
653 1146 866 1239 egisse
905 1146 1228 1215 donando
1260 1200 1281 1229 ‚
1334 1174 1471 1215 non
1508 1147 1807 1238 potuisse

222 1236 487 1306 donare
519 1290 540 1320 ‚
595 1262 736 1306 non
771 1236 1056 1305 donasse
1089 1245 1117 1303 ἲ
1261 1278 1270 1285 „
1519 1253 1523 1258 ’
1650 1293 1659 1301 ,
1772 1252 1777 1257 “

254 1408 270 1413 -
317 1326 407 1395 Et
431 1394 440 1399 ,
465 1326 682 1419 pri'ma
722 1326 999 1417 quidem
1033 1330 1210 1395 actio
1259 1326 1478 1395 facilis
1516 1352 1593 1397 ac
1627 1326 1809 1395 favo-

221 1416 468 1486 rabilis
547 1416 1002 1509 repetentium
1074 1420 1275 1504 jure,
1337 1417 1527 1509 quod
1591 1418 1653 1485 vi
1720 1418 1811 1487 sit

221 1506 582 1577 ablatum:
631 1506 747 1575 sed
808 1506 974 1575 hinc
1025 1532 1261 1598 aspera
1316 1521 1381 1576 et
1440 1508 1802 1577 vehemens

219 1598 508 1689 quaestio
544 1598 846 1666 exoritur
878 1595 962 1664 de
996 1602 1143 1684 jure
1174 1596 1381 1683 belli,
1418 1598 1805 1667 dicentibus

219 1686 613 1771 Thessalis,
648 1687 779 1756 hoc
815 1712 1049 1777 regna,
1079 1688 1407 1777 populos,
1434 1686 1603 1755 fines
1640 1714 1806 1790 gen·-

215 1776 396 1846 tium
445 1789 646 1869 atque
703 1776 978 1864 urbium
1027 1776 1391 1845 contineri.
1442 1783 1805 1845 Invenien—

220 1866 390 1935 dum
441 1880 676 1936 contra
729 1879 879 1950 est,
931 1892 1066 1959 quo
1102 1866 1305 1934 distet
1337 1865 1477 1934 haec
1518 1892 1719 1933 causa
1764 1890 1803 1933 a

217 1958 482 2027 caeteris
512 2010 531 2041 ‚
574 1984 718 2049 quae
756 1958 823 2026 in
860 1968 1261 2047 potestatem
1286 1956 1563 2024 victoris
1596 1956 1819 2023 veni-⁴

217 2060 376 2117 rent
411 2072 432 2129 3
485 2074 614 2117 nec
653 2048 832 2117 circa
884 2045 1361 2137 probationem
1407 2072 1513 2116 res
1552 2046 1833 2129 haeret,‘

217 2138 339 2207 sed
379 2138 560 2207 circa
593 2138 1154 2229 propositionem.
1236 2202 1241 2211 ,
1770 2192 1775 2197 .

307 2228 642 2299 Dicamus
700 2228 996 2319 primum
1047 2229 1119 2297 in
1156 2254 1277 2311 en,
1342 2226 1527 2320 quod
1591 2225 1660 2296 in
1704 2231 1805 2316 ju-

218 2316 478 2389 dicium
546 2319 793 2387 deduci
857 2330 1125 2410 potest,
1180 2318 1353 2387 nihil
1414 2318 1639 2387 valere
1693 2324 1801 2405 jus

215 2408 382 2479 belli
411 2435 433 2493 3
481 2436 608 2479 nec
640 2409 844 2477 armis
879 2422 1108 2499 erepta
1144 2462 1161 2489 ‚
1193 2410 1325 2478 nisi
1369 2408 1573 2485 armis
1606 2431 1800 2502 posse
1830 2424 1837 2432 “

219 2500 530 2570 retineri.
581 2507 816 2592 Itaque
853 2553 872 2583 ‚
933 2500 1049 2569 ubi
1102 2499 1221 2569 illa
1273 2499 1599 2582 valeant,
1658 2524 1799 2569 non

219 2616 365 2661 esse
423 2590 717 2679 judicem
748 2602 786 2673 3‘
833 2591 949 2660 ubi
1001 2590 1207 2680 judex
1268 2590 1406 2673 sit,
1463 2590 1579 2659 illa
1621 2588 1799 2657 nihil

215 2683 469 2751 valere.
527 2688 682 2750 Hoc
721 2679 1221 2749 inveniendum
1270 2693 1413 2764 est,
1475 2694 1551 2749 ut
1586 2678 1811 2749 adhi-

215 2770 366 2843 beri
416 2773 631 2864 possit
679 2784 1203 2864 argumentum3
1250 2770 1404 2841 ideo
1440 2772 1741 2864 'captivos
1774 2822 1795 2853 ,

219 2864 272 2933 si
341 2863 414 2933 in
483 2863 772 2955 patriam
837 2888 1024 2931 suam
1085 2862 1466 2945 redierint,
1546 2861 1799 2930 liberos

219 2979 421 3038 esse3
472 2954 634 3044 quia
683 2952 867 3021 bello
925 2966 1303 3044 parta‘non
1362 2952 1494 3037 nisi
1557 2952 1797 3021 eadem

217 3046 288 3115 vi
352 3044 853 3137 possideantur.
906 3044 1270 3136 Proprium
1342 3054 1442 3112 est
1498 3054 1565 3111 et
1622 3040 1799 3112 iliud

287 3221 376 3335 (ιζ
401 3216 834 3295 Αιιιρήἰςεγοησρ)
865 3197 1066 3293 Jndices
1091 3227 1229 3266 erant
1261 3214 1407 3264 totius
1444 3214 1646 3266 Graeciae
1662 3253 1679 3279 ,
1702 3216 1795 3283 qui

215 3287 276 3337 in
293 3287 340 3336 T
381 3284 651 3352 ermopyhs
671 3284 729 3331 de
745 3284 912 3333 hubus
927 3282 1273 3351 disceptabant.
1300 3282 1373 3331 Eo
1393 3293 1555 3331 autem
1577 3295 1797 3332 conven-

219 3365 296 3403 tus
324 3352 472 3404 fiebat
491 3353 552 3415 ab
580 3350 812 3401 omnibus
835 3348 1034 3402 Graeciae
1057 3346 1277 3415 populis.
1306 3346 1461 3403 Tum.
