2175 3809
603 207 712 276 Au
753 227 1006 276 vm'rus
1057 229 1166 276 srr
1213 201 1645 276 Rne‘romcn.
1777 207 1905 276 133

313 323 466 370 non
504 297 818 368 dicendis
881 297 1034 367 erit.
1082 303 1204 381 Et,
1255 298 1309 366 si
1363 299 1649 366 virtutes
1702 313 1913 380 sunt,

313 391 408 460 ad
449 415 618 482 quas
658 388 861 458 nobis
895 389 1099 458 etiam
1124 441 1141 474 ‚
1185 401 1345 458 ante
1390 414 1595 493 quam
1629 389 1910 458 docere-

316 507 512 566 mur,
559 481 760 550 initia
799 480 1217 574 quaedam-ac
1262 505 1525 550 semma
1558 493 1719 550 sunt
1745 506 1911 550 con-

319 597 506 646 cessa
541 584 824 657 natura,
876 585 954 641 ut
985 571 1071 642 ad
1106 571 1482 660 justitiam,
1518 577 1712 660 cujus
1760 597 1909 642 rus-

313 663 474 734 ticis
523 689 798 756 quoque
855 689 935 733 ac
987 663 1297 734 barbaris
1347 675 1631 756 apparet
1676 663 1909 756 aliqua

319 754 592 847 imag03
643 781 770 824 nos
819 767 1000 825 certe
1033 755 1133 824 sic
1180 781 1323 824 esse
1372 755 1459 824 ab
1510 754 1715 824 initio
1767 757 1906 824 for-

315 859 540 915 matos
581 897 600 931 ‚
657 858 735 915 ut
795 871 1143 939 possemus
1203 871 1399 916 orare
1464 872 1589 939 pro
1648 846 1853 918 bonis
1883 900 1905 933 ‚

317 937 528 1006 etiam
562 937 618 1006 si
651 963 791 1006 non
827 938 1126 1030 perfecte
1154 991 1171 1021 ‚
1206 950 1434 1008 tamen
1485 951 1561 1008 ut
1600 939 1905 1008 inessent

317 1027 626 1120 quaedam
669 1035 780 1112 (ut
811 1029 994 1114 dixi)
1033 1029 1295 1100 semina
1328 1035 1473 1118 ejus
1506 1030 1850 1100 facultatis
1879 1083 1901 1116 ‚

313 1121 756 1190 manifestum
779 1135 900 1192 est.
925 1129 1083 1191 Non
1120 1121 1359 1190 eadem
1384 1133 1611 1190 autem
1636 1121 1743 1190 his
1764 1147 1903 1192 na-

315 1224 475 1280 tura
493 1211 754 1282 artibus
782 1226 914 1294 est,
935 1239 1080 1306 quae
1102 1239 1140 1282 a
1156 1214 1408 1282 virtute
1426 1224 1584 1282 sunt
1605 1225 1901 1284 remotae.

407 1309 644 1395 Itaque
681 1331 836 1374 cum
872 1301 1011 1374 duo
1057 1303 1196 1372 sint
1227 1328 1477 1396 genera
1515 1303 1847 1376 orationis
1878 1358 1897 1392 ‚

320 1393 536 1464 altera
563 1407 879 1485 perpetua
904 1449 921 1478 ‚
959 1421 1107 1490 quae
1136 1394 1455 1465 rhetorice
1478 1393 1771 1481 dicitur3
1803 1397 1900 1467 al-

315 1497 465 1554 tera
491 1491 753 1556 concisa
779 1541 797 1571 ‚
827 1513 973 1580 quae
1007 1486 1353 1558 dialectice
1370 1513 1393 1557 :
1428 1513 1595 1580 quas
1621 1488 1899 1582 quidem

315 1583 561 1652 Zenon
593 1579 764 1647 adeo
791 1580 1168 1669 conjunxit,
1190 1592 1264 1648 ut
1290 1578 1471 1649 hanc
1496 1605 1643 1649 com
1699 1607 1893 1652 ressae

315 1669 393 1737 in
433 1695 738 1762 pugnum
765 1696 1033 1753 manuS‚
1063 1672 1252 1740 illam
1279 1671 1609 1762 explicitae
1690 1672 1899 1742 iceret

251 1771 262 1778 “
316 1753 654 1845 similem,
701 1763 904 1831 etiam
969 1761 1379 1854 disputatrix
1428 1762 1645 1830 virtus
1704 1764 1835 1831 erit
1876 1790 1894 1833 t

313 1851 488 1921 adeo
536 1853 620 1924 de
653 1853 820 1936 hae,
859 1880 1004 1946 quae
1044 1850 1417 1944 speciosior
1447 1863 1649 1945 atque
1682 1877 1895 1944 aper-

261 2004 282 2012 -
314 1943 454 2013 tior
485 1959 585 2014 est
609 1999 628 2030 .,
661 1944 838 2014 nihil
872 1944 1329 2014 dubitabitur.

405 2037 540 2106 Sed
589 2035 860 2130 plenius
921 2036 1055 2108 hoc
1106 2036 1287 2108 idem
1334 2048 1538 2130 atque
1594 2035 1893 2131 apertius

314 2126 570 2200 intueri
625 2157 704 2198 ex
739 2129 901 2220 ipsis
935 2155 973 2198 o
1027 2128 1257 2200 eribus
1291 2129 1470 2222 volo.
1508 2135 1681 2200 Nam
1725 2127 1895 2222 quid

313 2232 550 2290 orator
581 2221 654 2290 in
703 2155 1052 2292 laudansfo
1098 2221 1340 2306 saciet,
1385 2221 1515 2290 nisi
1554 2221 1895 2292 honesto-
1982 2299 1997 2308 ,

309 2335 469 2380 rum
501 2340 580 2383 ac
608 2313 912 2405 turpium
953 2314 1240 2406 peritus:
1268 2315 1483 2382 autin
1510 2315 1891 2402 suadendO,

306 2403 447 2473 nisi
468 2405 767 2475 utilitate
795 2405 1144 2498 proposita
1162 2419 1228 2476 et
1254 2418 1643 2498 perspecta:
1670 2411 1887 2480 autin

303 2497 586 2586 judiciis
614 2549 632 2579 ‚
659 2499 1008 2587 sijustitiae
1026 2498 1115 2568 sit
1136 2499 1413 2591 ignarus
1440 2506 1467 2567 ἲ
1492 2497 1681 2586 Quid
1704 2509 1731 2570 Ξ)
1748 2528 1887 2571 non

308 2587 794 2659 fortitudinem
815 2590 1113 2682 postulat
1134 2615 1239 2660 res
1266 2588 1695 2674 eadem,cum
1716 2619 1887 2684 saepe

308 2694 548 2751 contra
563 2681 996 2752 turbulentas
1010 2681 1245 2774 populi
1270 2683 1507 2768 minaS,
1536 2709 1704 2775 saepe
1732 2709 1887 2752 cum
1987 2695 1997 2710 '

303 2773 695 2864 periculosa
749 2775 1137 2866 potentium
1184 2774 1440 2844 offensa
1482 2827 1500 2860 ‚
1563 2799 1889 2843 nonnun-

303 2889 514 2954 quam
540 2917 558 2949 ‚
593 2877 668 2934 ut
700 2865 772 2934 in
806 2865 1067 2952 judicio
1091 2866 1515 2950 Milonian0‚
1551 2865 1730 2933 inter
1756 2863 1888 2933 cir-

306 2955 617 3034 cumfusa
649 2955 946 3040 militum
978 2983 1163 3028 arma
1195 2957 1560 3029 dicendum
1600 2955 1685 3023 sit
1714 2963 1739 3022 ?
1772 2965 1886 3042 ut,

302 3045 364 3115 si
399 3047 615 3116 virtus
647 3075 785 3118 non
821 3063 958 3137 est,
990 3077 1076 3120 ne
1111 3051 1409 3144 perfecta
1439 3044 1715 3138 quidem
1741 3070 1905 3119 esse.

302 3138 521 3230 possit
560 3140 803 3212 oratio.
1428 3196 1438 3204 -

401 3231 612 3316 Quod
663 3233 715 3300 si
765 3259 842 3303 ea
899 3231 970 3302 in
1007 3257 1279 3326 quoque
1328 3225 1727 3296 animalium
1782 3241 1888 3299 est

232 3369 240 3376 -
303 3317 564 3413 yirtus,
601 3347 734 3416 qua
781 3325 1054 3418 praestat
1094 3333 1332 3422 caetera
1366 3318 1491 3400 vel·
1516 3318 1892 3423 pleraque²
