2175 3809
483 351 494 360 .
621 299 1225 366 PnAErArxm
1638 321 1683 367 v

135 387 218 456 tis
247 384 514 456 siccum
561 400 632 456 et
679 387 826 456 sine
879 386 1168 460 humore
1223 384 1367 456 ullo
1414 384 1681 456 solum:

133 477 510 548 admiscuit
537 478 889 570 praeceptis
918 479 1056 548 suis
1085 491 1421 572 quantum
1448 477 1685 572 pluri-

131 595 324 640 mum
349 570 584 662 potuit
615 569 865 640 nitoris
899 583 967 641 et
990 570 1344 664 elegantiae
1370 623 1389 654 ,
1424 583 1501 639 ut
1536 569 1687 662 ipsa

129 660 577 754 jucunditate
602 660 922 733 lectionis
953 661 1185 733 allecti
1220 661 1571 732 lubentius
1604 686 1689 731 ea

134 752 491 824 discerent
521 806 542 839 ‚
576 766 646 823 et
669 751 1020 847 voluptate
1055 753 1144 824 ad
1194 752 1500 824 studium
1548 765 1690 823 tra-

133 841 498 916 herentur.
531 844 722 916 Hinc
749 845 1002 916 crebrae
1021 845 1152 916 illae
1172 844 1688 932 similitudineS,

137 962 286 1027 quae
317 949 390 1004 et
435 935 662 1007 lucem
707 950 776 1006 et
814 937 1105 1030 gratiam
1155 938 1508 1032 praeceptis
1544 962 1689 1006 non

136 1025 564 1099 mediocrem
619 1029 939 1100 afferunt.
983 1028 1176 1100 Hinc
1208 1029 1515 1101 delectus
1568 1029 1689 1099 ille

143 1118 350 1188 simul
382 1131 454 1188 et
498 1119 695 1212 copia
742 1120 1112 1191 verborum
1160 1122 1581 1214 optimorum
1621 1132 1695 1190 et

139 1211 409 1280 acrium
465 1211 1006 1299 sententiarum,
1061 1212 1313 1308 quibus
1352 1225 1498 1284 tota
1544 1211 1693 1298 haec

139 1301 524 1373 Rhetorica
577 1305 1078 1398 conspergitur.
1140 1305 1331 1376 Hinc
1390 1304 1703 1398 denique-

138 1393 314 1466 mira
346 1393 471 1464 illa
503 1393 879 1489 figurarum
916 1395 1251 1482 varietas,
1282 1421 1430 1490 quae
1462 1397 1696 1488 singu-

141 1483 271 1556 lari
308 1488 628 1570 acumine
655 1487 950 1581 et-quasi
1008 1487 1148 1558 sale
1210 1488 1511 1559 excitant
1542 1487 1696 1560 ani·-

139 1603 332 1648 mum
373 1605 390 1647 ι
426 1579 523 1648 ita
549 1578 634 1649 de
669 1578 972 1650 horridis
1003 1577 1209 1651 rebus
1269 1579 1494 1651 nitida
1528 1633 1547 1666 ,
1607 1579 1694 1650 de

139 1669 402 1759 jejunis
432 1669 679 1762 plena,
714 1669 798 1740 de
832 1670 1253 1776 pervulgatis
1289 1681 1465 1764 nov-a
1514 1697 1696 1765 quae-

141 1760 304 1832 dam
331 1773 436 1832 est
467 1761 656 1832 illius
689 1775 936 1834 oratio.
961 1765 1333 1835 Enimvero
1381 1763 1501 1834 illa
1536 1774 1699 1832 sunt

145 1853 525 1944 ejusmodi,
548 1865 624 1924 ut
651 1879 789 1925 non
823 1855 1052 1926 minus
1085 1859 1289 1949 quam
1324 1855 1471 1948 ipsa
1497 1879 1701 1947 praes-

145 1945 700 2020 tantissimorum
764 1959 1120 2018 oratorum
1178 1945 1385 2017 lectio
1428 1999 1447 2029 ,
1510 1947 1697 2016 alere

143 2037 596 2144 facundiam,
628 2051 696 2110 et
745 2040 925 2112 vires
973 2064 1227 2133 augere
1282 2037 1695 2132 eloquentiae

196 2155 306 2199 oss
341 2142 447 2200 nt.
639 2145 654 2158 '

145 2155 190 2224 p
231 2157 335 2292 Ai:
367 2222 518 2315 ipsa
549 2219 668 2293 illa
701 2234 1052 2292 oratorum
1099 2220 1305 2294 lectio
1359 2224 1476 2316 qul
1520 2246 1693 2315 pro-
1739 2209 1952 2332 133?ssss

147 2313 343 2384 desse
374 2313 593 2406 possit
625 2367 644 2400 ,
680 2312 798 2384 ubi
823 2314 1072 2385 melius
1116 2319 1321 2408 quam
1347 2313 1531 2409 apud
1563 2319 1694 2384 Fa-
1769 2336 1949 2396 ceptio-

145 2405 350 2476 bium
413 2405 711 2476 discitur
745 2416 772 2476 ?
834 2411 1039 2477 Hanc
1099 2406 1485 2477 studiorum
1540 2433 1692 2499 par·
1739 2397 1949 2510 ”2232ss

145 2511 318 2584 tem,
357 2496 670 2568 omniurn
695 2497 1172 2590 proculdubio
1230 2498 1522 2568 maxime
1551 2498 1694 2569 fru-
1763 2517 1949 2584 legend!

145 2589 482 2682 giseram,
543 2602 612 2660 et
672 2583 1013 2681 fingendis
1077 2589 1166 2660 ad
1228 2590 1693 2698 eloquentiam
1784 2591 1949 2692 'gf-‘⁰‘

149 2680 712 2754 adolescentibus
745 2707 886 2751 non
917 2681 1123 2752 modo
1157 2682 1551 2775 perutilem,
1576 2684 1697 2755 sed

146 2800 438 2867 prorsus
468 2773 949 2868 necessariam,
991 2775 1027 2842 ὲ
1054 2771 1287 2844 schola
1310 2773 1695 2846 Rhetorum

147 2865 240 2937 sic
274 2881 457 2937 tunc
490 2890 710 2958 pravae
744 2865 1267 2952 consuetudinis
1332 2867 1713 2960 imperiosa.

145 2955 252 3028 lex
281 2958 666 3050 abegerat,
706 2969 778 3025 ut
827 2955 928 3026 illi
1035 2958 1343 3050 raeceptis
1394 2971 1699 3029 tantum·
1747 2977 1759 2986 ·

147 3051 358 3122 modo
397 3048 617 3120 fusius
646 2983 1105 3140 explicandis,
1136 3062 1205 3120 et
1236 3050 1698 3144 praeparandis

147 3142 234 3213 ad
254 3139 787 3214 declamandum
822 3140 1188 3231 juvenibus
1207 3155 1475 3233 tempus
1495 3167 1699 3214 omne

151 3244 622 3306 contererent.
649 3238 744 3303 Ut
773 3245 918 3304 erat
950 3232 1090 3304 acri
1118 3233 1382 3322 judicio
1405 3232 1697 3320 Fabius,

149 3340 218 3397 et
244 3325 448 3402 utilia
473 3323 881 3421 praeferebat
903 3323 1285 3398 ambitiosis
1310 3378 1329 3410 ‚
1346 3324 1700 3436 §fallebat

409 3453 420 3460 ·
1254 3443 1294 3488 a
1344 3443 1415 3506 ¹¹1
