<?xml version="1.0" encoding="UTF-8"?>
<!DOCTYPE html PUBLIC "-//W3C//DTD XHTML 1.0 Transitional//EN"
    "http://www.w3.org/TR/xhtml1/DTD/xhtml1-transitional.dtd">
<html xmlns="http://www.w3.org/1999/xhtml" xml:lang="en" lang="en">
 <head>
  <title>
</title>
<meta http-equiv="Content-Type" content="text/html;charset=utf-8" />
  <meta name='ocr-system' content='tesseract 3.04.00' />
  <meta name='ocr-capabilities' content='ocr_page ocr_carea ocr_par ocr_line ocrx_word'/>
</head>
<body>
  <div class='ocr_page' id='page_1' title='image "./mfabiiquintilia20quingoog_0171.png"; bbox 0 0 2175 3809; ppageno 0'>
   <div class='ocr_carea' id='block_1_1' title="bbox 174 316 1836 1239">
    <p class='ocr_par' dir='ltr' id='par_1_1' title="bbox 174 316 1836 1239">
     <span class='ocr_line' id='line_1_1' title="bbox 520 316 1781 384; baseline 0 0"><span class='ocrx_word' id='word_1_1' title='bbox 520 316 631 384; x_wconf 67' lang='lat' dir='ltr'><strong>An</strong></span> <span class='ocrx_word' id='word_1_2' title='bbox 678 317 1089 384; x_wconf 65' lang='lat' dir='ltr'><strong>Rumonem</strong></span> <span class='ocrx_word' id='word_1_3' title='bbox 1139 335 1249 382; x_wconf 77' lang='lat' dir='ltr'><strong>su·</strong></span> <span class='ocrx_word' id='word_1_4' title='bbox 1296 335 1446 382; x_wconf 70' lang='lat' dir='ltr'><strong>Ans.</strong></span> <span class='ocrx_word' id='word_1_5' title='bbox 1643 320 1781 384; x_wconf 71' lang='lat'><strong>123</strong></span> 
     </span>
     <span class='ocr_line' id='line_1_2' title="bbox 176 404 1777 496; baseline -0.005 -16"><span class='ocrx_word' id='word_1_6' title='bbox 176 408 441 480; x_wconf 83' lang='lat' dir='ltr'><strong>bitasse</strong></span> <span class='ocrx_word' id='word_1_7' title='bbox 503 404 874 490; x_wconf 79' lang='lat' dir='ltr'><strong>confiteor,</strong></span> <span class='ocrx_word' id='word_1_8' title='bbox 909 430 997 473; x_wconf 85' lang='lat' dir='ltr'><strong>an</strong></span> <span class='ocrx_word' id='word_1_9' title='bbox 1042 404 1220 472; x_wconf 87' lang='lat' dir='ltr'><strong>hanc</strong></span> <span class='ocrx_word' id='word_1_10' title='bbox 1259 417 1518 494; x_wconf 85' lang='lat' dir='ltr'><strong>partem</strong></span> <span class='ocrx_word' id='word_1_11' title='bbox 1569 427 1777 496; x_wconf 84' lang='lat' dir='ltr'><strong>quaes-</strong></span> 
     </span>
     <span class='ocr_line' id='line_1_3' title="bbox 174 495 1776 588; baseline -0.004 -17"><span class='ocrx_word' id='word_1_12' title='bbox 174 501 401 571; x_wconf 86' lang='lat' dir='ltr'><strong>tionis</strong></span> <span class='ocrx_word' id='word_1_13' title='bbox 458 496 886 567; x_wconf 84' lang='lat' dir='ltr'><strong>tractandam</strong></span> <span class='ocrx_word' id='word_1_14' title='bbox 962 509 1273 588; x_wconf 81' lang='lat' dir='ltr'><strong>putarem</strong></span> <span class='ocrx_word' id='word_1_15' title='bbox 1323 520 1340 564; x_wconf 72' lang='grc' dir='ltr'><strong><em>ε</em></strong></span> <span class='ocrx_word' id='word_1_16' title='bbox 1407 519 1565 563; x_wconf 88' lang='lat' dir='ltr'><strong>nam</strong></span> <span class='ocrx_word' id='word_1_17' title='bbox 1621 495 1776 588; x_wconf 88' lang='lat' dir='ltr'><strong>quis</strong></span> 
     </span>
     <span class='ocr_line' id='line_1_4' title="bbox 178 583 1780 674; baseline -0.004 -11"><span class='ocrx_word' id='word_1_18' title='bbox 178 605 292 663; x_wconf 82' lang='lat' dir='ltr'><strong>est</strong></span> <span class='ocrx_word' id='word_1_19' title='bbox 324 589 503 661; x_wconf 87' lang='lat' dir='ltr'><strong>adeo</strong></span> <span class='ocrx_word' id='word_1_20' title='bbox 527 642 547 674; x_wconf 87' lang='lat'>‚</span> <span class='ocrx_word' id='word_1_21' title='bbox 583 603 725 657; x_wconf 84' lang='lat' dir='ltr'><strong>non</strong></span> <span class='ocrx_word' id='word_1_22' title='bbox 758 587 844 657; x_wconf 87' lang='lat' dir='ltr'><strong>ab</strong></span> <span class='ocrx_word' id='word_1_23' title='bbox 880 585 1272 656; x_wconf 76' lang='lat' dir='ltr'><strong>eruditione</strong></span> <span class='ocrx_word' id='word_1_24' title='bbox 1302 583 1544 668; x_wconf 83' lang='lat' dir='ltr'><strong>modo,</strong></span> <span class='ocrx_word' id='word_1_25' title='bbox 1585 585 1706 656; x_wconf 90' lang='lat' dir='ltr'><strong>sed</strong></span> <span class='ocrx_word' id='word_1_26' title='bbox 1736 612 1780 657; x_wconf 80' lang='lat' dir='ltr'><strong>a</strong></span> 
     </span>
     <span class='ocr_line' id='line_1_5' title="bbox 176 676 1778 772; baseline -0.004 -18"><span class='ocrx_word' id='word_1_27' title='bbox 176 708 393 755; x_wconf 83' lang='lat' dir='ltr'><strong>sensu</strong></span> <span class='ocrx_word' id='word_1_28' title='bbox 420 693 725 751; x_wconf 84' lang='lat' dir='ltr'><strong>remotus</strong></span> <span class='ocrx_word' id='word_1_29' title='bbox 744 677 1043 749; x_wconf 90' lang='lat' dir='ltr'><strong>hominis</strong></span> <span class='ocrx_word' id='word_1_30' title='bbox 1063 729 1082 762; x_wconf 79' lang='lat'><strong>‚</strong></span> <span class='ocrx_word' id='word_1_31' title='bbox 1109 689 1182 746; x_wconf 80' lang='lat' dir='ltr'><strong>ut</strong></span> <span class='ocrx_word' id='word_1_32' title='bbox 1209 676 1592 748; x_wconf 84' lang='lat' dir='ltr'><strong>fabricandi</strong></span> <span class='ocrx_word' id='word_1_33' title='bbox 1628 676 1778 772; x_wconf 87' lang='lat' dir='ltr'><strong>qui-</strong></span> 
     </span>
     <span class='ocr_line' id='line_1_6' title="bbox 177 768 1776 861; baseline -0.003 -15"><span class='ocrx_word' id='word_1_34' title='bbox 177 775 385 860; x_wconf 81' lang='lat' dir='ltr'><strong>dem,</strong></span> <span class='ocrx_word' id='word_1_35' title='bbox 426 785 496 842; x_wconf 87' lang='lat' dir='ltr'><strong>et</strong></span> <span class='ocrx_word' id='word_1_36' title='bbox 526 769 832 853; x_wconf 82' lang='lat' dir='ltr'><strong>texendi,</strong></span> <span class='ocrx_word' id='word_1_37' title='bbox 886 782 953 839; x_wconf 86' lang='lat' dir='ltr'><strong>et</strong></span> <span class='ocrx_word' id='word_1_38' title='bbox 988 795 1025 838; x_wconf 87' lang='lat' dir='ltr'><strong>e</strong></span> <span class='ocrx_word' id='word_1_39' title='bbox 1059 769 1206 861; x_wconf 79' lang='lat' dir='ltr'><strong>luto</strong></span> <span class='ocrx_word' id='word_1_40' title='bbox 1256 795 1412 840; x_wconf 86' lang='lat' dir='ltr'><strong>vasa</strong></span> <span class='ocrx_word' id='word_1_41' title='bbox 1471 768 1776 842; x_wconf 84' lang='lat' dir='ltr'><strong>ducendi</strong></span> 
     </span>
     <span class='ocr_line' id='line_1_7' title="bbox 177 861 1800 956; baseline -0.002 -21"><span class='ocrx_word' id='word_1_42' title='bbox 177 880 405 936; x_wconf 85' lang='lat' dir='ltr'><strong>artem</strong></span> <span class='ocrx_word' id='word_1_43' title='bbox 431 875 663 956; x_wconf 84' lang='lat' dir='ltr'><strong>putet:</strong></span> <span class='ocrx_word' id='word_1_44' title='bbox 698 861 1057 933; x_wconf 74' lang='lat' dir='ltr'><em>rhetoricen</em></span> <span class='ocrx_word' id='word_1_45' title='bbox 1083 874 1311 930; x_wconf 84' lang='lat' dir='ltr'><strong>autem</strong></span> <span class='ocrx_word' id='word_1_46' title='bbox 1331 914 1349 946; x_wconf 85' lang='lat'>‚</span> <span class='ocrx_word' id='word_1_47' title='bbox 1378 861 1800 948; x_wconf 71' lang='lat' dir='ltr'><strong>maximum‚·&#39;</strong></span> 
     </span>
     <span class='ocr_line' id='line_1_8' title="bbox 176 951 1766 1048; baseline -0.003 -21"><span class='ocrx_word' id='word_1_48' title='bbox 176 983 263 1027; x_wconf 82' lang='lat' dir='ltr'><strong>ae</strong></span> <span class='ocrx_word' id='word_1_49' title='bbox 316 955 857 1048; x_wconf 83' lang='lat' dir='ltr'><strong>pulcherrimum</strong></span> <span class='ocrx_word' id='word_1_50' title='bbox 916 959 945 1038; x_wconf 94' lang='lat'><strong>(</strong></span> <span class='ocrx_word' id='word_1_51' title='bbox 999 975 1072 1022; x_wconf 85' lang='lat' dir='ltr'><strong>ut</strong></span> <span class='ocrx_word' id='word_1_52' title='bbox 1133 977 1335 1045; x_wconf 88' lang='lat' dir='ltr'><strong>supra</strong></span> <span class='ocrx_word' id='word_1_53' title='bbox 1395 951 1684 1024; x_wconf 82' lang='lat' dir='ltr'>diximus</span> <span class='ocrx_word' id='word_1_54' title='bbox 1735 959 1766 1039; x_wconf 93' lang='lat'>)</span> 
     </span>
     <span class='ocr_line' id='line_1_9' title="bbox 179 1043 1836 1140; baseline -0.002 -22"><span class='ocrx_word' id='word_1_55' title='bbox 179 1075 399 1140; x_wconf 76' lang='lat' dir='ltr'><strong>opus,</strong></span> <span class='ocrx_word' id='word_1_56' title='bbox 433 1047 504 1116; x_wconf 92' lang='lat' dir='ltr'><strong>in</strong></span> <span class='ocrx_word' id='word_1_57' title='bbox 532 1059 673 1116; x_wconf 86' lang='lat' dir='ltr'><strong>tam</strong></span> <span class='ocrx_word' id='word_1_58' title='bbox 713 1045 1005 1116; x_wconf 86' lang='lat' dir='ltr'><strong>sublime</strong></span> <span class='ocrx_word' id='word_1_59' title='bbox 1052 1045 1206 1114; x_wconf 82' lang='lat' dir='ltr'><strong>fasti</strong></span> <span class='ocrx_word' id='word_1_60' title='bbox 1260 1044 1402 1112; x_wconf 91' lang='lat' dir='ltr'><strong>ium</strong></span> <span class='ocrx_word' id='word_1_61' title='bbox 1435 1043 1775 1115; x_wconf 79' lang='lat' dir='ltr'><strong>existimet</strong></span> <span class='ocrx_word' id='word_1_62' title='bbox 1831 1111 1836 1114; x_wconf 91' lang='lat'>.</span> 
     </span>
     <span class='ocr_line' id='line_1_10' title="bbox 178 1071 1776 1239; baseline -0.003 -30"><span class='ocrx_word' id='word_1_63' title='bbox 178 1141 331 1210; x_wconf 85' lang='lat' dir='ltr'><strong>sine</strong></span> <span class='ocrx_word' id='word_1_64' title='bbox 352 1150 497 1208; x_wconf 79' lang='lat' dir='ltr'><strong>arte</strong></span> <span class='ocrx_word' id='word_1_65' title='bbox 517 1137 780 1208; x_wconf 83' lang='lat' dir='ltr'><strong>venisse</strong></span> <span class='ocrx_word' id='word_1_66' title='bbox 805 1147 830 1208; x_wconf 74' lang='grc' dir='ltr'><strong>ἰ’</strong></span> <span class='ocrx_word' id='word_1_67' title='bbox 850 1136 1190 1231; x_wconf 87' lang='lat' dir='ltr'><strong>Equidem</strong></span> <span class='ocrx_word' id='word_1_68' title='bbox 1203 1071 1379 1217; x_wconf 58' lang='lat' dir='ltr'><strong>iilos,</strong></span> <span class='ocrx_word' id='word_1_69' title='bbox 1399 1135 1515 1239; x_wconf 79' lang='lat' dir='ltr'><strong>qui</strong></span> <span class='ocrx_word' id='word_1_70' title='bbox 1533 1147 1776 1205; x_wconf 85' lang='lat' dir='ltr'><strong>contra</strong></span> 
     </span>
    </p>
   </div>
   <div class='ocr_carea' id='block_1_2' title="bbox 180 1226 1778 1322">
    <p class='ocr_par' dir='ltr' id='par_1_2' title="bbox 180 1226 1778 1322">
     <span class='ocr_line' id='line_1_11' title="bbox 180 1226 1778 1322; baseline -0.003 -21"><span class='ocrx_word' id='word_1_71' title='bbox 180 1231 673 1322; x_wconf 82' lang='lat' dir='ltr'><strong>disputarunt,</strong></span> <span class='ocrx_word' id='word_1_72' title='bbox 717 1256 859 1299; x_wconf 90' lang='lat' dir='ltr'><strong>non</strong></span> <span class='ocrx_word' id='word_1_73' title='bbox 928 1243 1065 1298; x_wconf 84' lang='lat' dir='ltr'><strong>tam</strong></span> <span class='ocrx_word' id='word_1_74' title='bbox 1131 1227 1202 1296; x_wconf 91' lang='lat' dir='ltr'><strong>id</strong></span> <span class='ocrx_word' id='word_1_75' title='bbox 1251 1251 1536 1296; x_wconf 80' lang='lat' dir='ltr'><strong>sensisse</strong></span> <span class='ocrx_word' id='word_1_76' title='bbox 1586 1226 1778 1319; x_wconf 83' lang='lat' dir='ltr'><strong>quod</strong></span> 
     </span>
    </p>
   </div>
   <div class='ocr_carea' id='block_1_3' title="bbox 177 1317 1930 1414">
    <p class='ocr_par' dir='ltr' id='par_1_3' title="bbox 177 1317 1930 1414">
     <span class='ocr_line' id='line_1_12' title="bbox 177 1317 1930 1414; baseline -0.002 -21"><span class='ocrx_word' id='word_1_77' title='bbox 177 1323 531 1406; x_wconf 75' lang='lat' dir='ltr'><strong>(licerent,</strong></span> <span class='ocrx_word' id='word_1_78' title='bbox 586 1347 787 1414; x_wconf 82' lang='lat' dir='ltr'><strong>quam</strong></span> <span class='ocrx_word' id='word_1_79' title='bbox 814 1346 1123 1390; x_wconf 80' lang='lat' dir='ltr'><strong>exercere</strong></span> <span class='ocrx_word' id='word_1_80' title='bbox 1160 1317 1436 1412; x_wconf 85' lang='lat' dir='ltr'><strong>ingenia</strong></span> <span class='ocrx_word' id='word_1_81' title='bbox 1480 1317 1778 1390; x_wconf 79' lang='lat' dir='ltr'><strong>materiae</strong></span> <span class='ocrx_word' id='word_1_82' title='bbox 1873 1407 1880 1411; x_wconf 20' lang='grc' dir='ltr'>ἱ</span> <span class='ocrx_word' id='word_1_83' title='bbox 1925 1333 1930 1336; x_wconf 83' lang='grc'><strong>’</strong></span> 
     </span>
    </p>
   </div>
   <div class='ocr_carea' id='block_1_4' title="bbox 176 1409 1864 2972">
    <p class='ocr_par' dir='ltr' id='par_1_4' title="bbox 176 1409 1777 1874">
     <span class='ocr_line' id='line_1_13' title="bbox 181 1409 1777 1502; baseline -0.003 -19"><span class='ocrx_word' id='word_1_84' title='bbox 181 1413 588 1484; x_wconf 83' lang='lat' dir='ltr'><strong>difficultate</strong></span> <span class='ocrx_word' id='word_1_85' title='bbox 620 1411 823 1483; x_wconf 82' lang='lat' dir='ltr'><strong>credo</strong></span> <span class='ocrx_word' id='word_1_86' title='bbox 847 1411 1178 1494; x_wconf 87' lang='lat' dir='ltr'><strong>voluisse;</strong></span> <span class='ocrx_word' id='word_1_87' title='bbox 1223 1413 1401 1480; x_wconf 84' lang='lat' dir='ltr'><strong>sicut</strong></span> <span class='ocrx_word' id='word_1_88' title='bbox 1440 1415 1542 1496; x_wconf 91' lang='lat'><strong>(1)</strong></span> <span class='ocrx_word' id='word_1_89' title='bbox 1576 1409 1777 1502; x_wconf 89' lang='lat' dir='ltr'><strong>Poly-</strong></span> 
     </span>
     <span class='ocr_line' id='line_1_14' title="bbox 182 1501 1776 1594; baseline -0.003 -18"><span class='ocrx_word' id='word_1_90' title='bbox 182 1517 478 1588; x_wconf 78' lang='lat' dir='ltr'>cratem,</span> <span class='ocrx_word' id='word_1_91' title='bbox 506 1531 660 1575; x_wconf 89' lang='lat' dir='ltr'><strong>cum</strong></span> <span class='ocrx_word' id='word_1_92' title='bbox 676 1505 977 1574; x_wconf 84' lang='lat' dir='ltr'><strong>Busirim</strong></span> <span class='ocrx_word' id='word_1_93' title='bbox 1010 1501 1348 1586; x_wconf 82' lang='lat' dir='ltr'><strong>laudaret,</strong></span> <span class='ocrx_word' id='word_1_94' title='bbox 1376 1514 1444 1571; x_wconf 87' lang='lat' dir='ltr'><strong>et</strong></span> <span class='ocrx_word' id='word_1_95' title='bbox 1474 1503 1776 1594; x_wconf 83' lang='lat' dir='ltr'><strong>Clytem-</strong></span> 
     </span>
     <span class='ocr_line' id='line_1_15' title="bbox 179 1593 1773 1690; baseline -0.003 -23"><span class='ocrx_word' id='word_1_96' title='bbox 179 1609 527 1667; x_wconf 82' lang='lat' dir='ltr'><strong>nestram:</strong></span> <span class='ocrx_word' id='word_1_97' title='bbox 578 1622 967 1690; x_wconf 83' lang='lat' dir='ltr'><strong>quanquam</strong></span> <span class='ocrx_word' id='word_1_98' title='bbox 1012 1596 1066 1665; x_wconf 91' lang='lat' dir='ltr'><strong>is</strong></span> <span class='ocrx_word' id='word_1_99' title='bbox 1095 1650 1112 1678; x_wconf 87' lang='lat'>,</span> <span class='ocrx_word' id='word_1_100' title='bbox 1165 1594 1351 1690; x_wconf 89' lang='lat' dir='ltr'><strong>quod</strong></span> <span class='ocrx_word' id='word_1_101' title='bbox 1402 1593 1509 1664; x_wconf 88' lang='lat' dir='ltr'><strong>his</strong></span> <span class='ocrx_word' id='word_1_102' title='bbox 1554 1593 1773 1664; x_wconf 89' lang='lat' dir='ltr'><strong>dissi-</strong></span> 
     </span>
     <span class='ocr_line' id='line_1_16' title="bbox 180 1686 1773 1780; baseline -0.003 -22"><span class='ocrx_word' id='word_1_103' title='bbox 180 1687 349 1758; x_wconf 83' lang='lat' dir='ltr'><strong>mile</strong></span> <span class='ocrx_word' id='word_1_104' title='bbox 384 1714 524 1757; x_wconf 87' lang='lat' dir='ltr'><strong>non</strong></span> <span class='ocrx_word' id='word_1_105' title='bbox 558 1703 773 1771; x_wconf 82' lang='lat' dir='ltr'><strong>esset,</strong></span> <span class='ocrx_word' id='word_1_106' title='bbox 833 1687 1292 1780; x_wconf 81' lang='lat' dir='ltr'>composuisse</span> <span class='ocrx_word' id='word_1_107' title='bbox 1329 1686 1714 1756; x_wconf 80' lang='lat' dir='ltr'><strong>orationem</strong></span> <span class='ocrx_word' id='word_1_108' title='bbox 1749 1737 1773 1773; x_wconf 81' lang='lat'><strong>‚</strong></span> 
     </span>
     <span class='ocr_line' id='line_1_17' title="bbox 176 1775 1772 1874; baseline -0.002 -25"><span class='ocrx_word' id='word_1_109' title='bbox 176 1805 334 1874; x_wconf 86' lang='lat' dir='ltr'><strong>quae</strong></span> <span class='ocrx_word' id='word_1_110' title='bbox 360 1792 461 1849; x_wconf 85' lang='lat' dir='ltr'><strong>est</strong></span> <span class='ocrx_word' id='word_1_111' title='bbox 492 1779 741 1871; x_wconf 68' lang='lat' dir='ltr'><strong>habita3</strong></span> <span class='ocrx_word' id='word_1_112' title='bbox 770 1793 1006 1850; x_wconf 69' lang='lat' dir='ltr'><strong>conbra</strong></span> <span class='ocrx_word' id='word_1_113' title='bbox 1039 1786 1387 1848; x_wconf 72' lang='lat' dir='ltr'><strong>Socratem</strong></span> <span class='ocrx_word' id='word_1_114' title='bbox 1413 1829 1432 1858; x_wconf 84' lang='lat'><strong>‚</strong></span> <span class='ocrx_word' id='word_1_115' title='bbox 1489 1775 1772 1846; x_wconf 85' lang='lat' dir='ltr'><strong>dicitur.</strong></span> 
     </span>
    </p>

    <p class='ocr_par' dir='ltr' id='par_1_5' title="bbox 180 1867 1864 2972">
     <span class='ocr_line' id='line_1_18' title="bbox 280 1867 1772 1960; baseline -0.003 -21"><span class='ocrx_word' id='word_1_116' title='bbox 280 1872 583 1960; x_wconf 87' lang='lat' dir='ltr'><strong>Quidam</strong></span> <span class='ocrx_word' id='word_1_117' title='bbox 617 1871 993 1946; x_wconf 79' lang='lat' dir='ltr'><strong>naturalem</strong></span> <span class='ocrx_word' id='word_1_118' title='bbox 1042 1895 1184 1937; x_wconf 86' lang='lat' dir='ltr'><strong>esse</strong></span> <span class='ocrx_word' id='word_1_119' title='bbox 1231 1867 1594 1938; x_wconf 74' lang='lat' dir='ltr'><strong>rhetoricen</strong></span> <span class='ocrx_word' id='word_1_120' title='bbox 1633 1892 1772 1937; x_wconf 85' lang='lat' dir='ltr'><strong>vo-</strong></span> 
     </span>
     <span class='ocr_line' id='line_1_19' title="bbox 180 1945 1864 2049; baseline -0.001 -19"><span class='ocrx_word' id='word_1_121' title='bbox 180 1962 376 2045; x_wconf 77' lang='lat' dir='ltr'><strong>lunt,</strong></span> <span class='ocrx_word' id='word_1_122' title='bbox 410 1976 477 2032; x_wconf 81' lang='lat' dir='ltr'><strong>et</strong></span> <span class='ocrx_word' id='word_1_123' title='bbox 514 1977 739 2032; x_wconf 82' lang='lat' dir='ltr'><strong>tamen</strong></span> <span class='ocrx_word' id='word_1_124' title='bbox 769 1961 1073 2049; x_wconf 80' lang='lat' dir='ltr'><strong>adjuvari</strong></span> <span class='ocrx_word' id='word_1_125' title='bbox 1115 1958 1599 2028; x_wconf 72' lang='lat' dir='ltr'><strong>exercitatione</strong></span> <span class='ocrx_word' id='word_1_126' title='bbox 1631 1945 1796 2030; x_wconf 79' lang='lat' dir='ltr'><strong>non⁰</strong></span> <span class='ocrx_word' id='word_1_127' title='bbox 1854 1981 1864 1990; x_wconf 84' lang='lat'><strong>·</strong></span> 
     </span>
     <span class='ocr_line' id='line_1_20' title="bbox 180 2049 1775 2138; baseline -0.004 -14"><span class='ocrx_word' id='word_1_128' title='bbox 180 2051 611 2138; x_wconf 79' lang='lat' dir='ltr'><strong>diffitentur3</strong></span> <span class='ocrx_word' id='word_1_129' title='bbox 646 2069 721 2123; x_wconf 86' lang='lat' dir='ltr'><strong>ut</strong></span> <span class='ocrx_word' id='word_1_130' title='bbox 753 2055 825 2123; x_wconf 89' lang='lat' dir='ltr'><strong>in</strong></span> <span class='ocrx_word' id='word_1_131' title='bbox 863 2053 1055 2124; x_wconf 82' lang='lat' dir='ltr'><strong>tibris</strong></span> <span class='ocrx_word' id='word_1_132' title='bbox 1101 2050 1454 2122; x_wconf 84' lang='lat' dir='ltr'><strong>Ciceronis</strong></span> <span class='ocrx_word' id='word_1_133' title='bbox 1481 2049 1563 2118; x_wconf 86' lang='lat' dir='ltr'><strong>de</strong></span> <span class='ocrx_word' id='word_1_134' title='bbox 1599 2054 1775 2119; x_wconf 88' lang='lat' dir='ltr'><strong>Ora-</strong></span> 
     </span>
     <span class='ocr_line' id='line_1_21' title="bbox 180 2145 1778 2236; baseline -0.001 -23"><span class='ocrx_word' id='word_1_135' title='bbox 180 2157 334 2214; x_wconf 77' lang='lat' dir='ltr'><strong>tore</strong></span> <span class='ocrx_word' id='word_1_136' title='bbox 358 2152 458 2230; x_wconf 86' lang='lat'><strong>(2)</strong></span> <span class='ocrx_word' id='word_1_137' title='bbox 476 2145 646 2214; x_wconf 79' lang='lat' dir='ltr'><strong>dicit</strong></span> <span class='ocrx_word' id='word_1_138' title='bbox 662 2145 1006 2218; x_wconf 82' lang='lat' dir='ltr'><strong>Antonius</strong></span> <span class='ocrx_word' id='word_1_139' title='bbox 1027 2145 1539 2215; x_wconf 74' lang='lat' dir='ltr'><strong>observationem</strong></span> <span class='ocrx_word' id='word_1_140' title='bbox 1559 2165 1778 2236; x_wconf 82' lang='lat' dir='ltr'><strong>quan-</strong></span> 
     </span>
     <span class='ocr_line' id='line_1_22' title="bbox 184 2233 1774 2324; baseline -0.003 -18"><span class='ocrx_word' id='word_1_141' title='bbox 184 2233 347 2306; x_wconf 83' lang='lat' dir='ltr'><strong>dam</strong></span> <span class='ocrx_word' id='word_1_142' title='bbox 374 2263 551 2320; x_wconf 82' lang='lat' dir='ltr'><strong>esse,</strong></span> <span class='ocrx_word' id='word_1_143' title='bbox 595 2265 725 2308; x_wconf 86' lang='lat' dir='ltr'><strong>non</strong></span> <span class='ocrx_word' id='word_1_144' title='bbox 773 2250 1001 2308; x_wconf 80' lang='lat' dir='ltr'><strong>artem.</strong></span> <span class='ocrx_word' id='word_1_145' title='bbox 1036 2235 1242 2324; x_wconf 86' lang='lat' dir='ltr'><strong>Quod</strong></span> <span class='ocrx_word' id='word_1_146' title='bbox 1279 2261 1416 2304; x_wconf 90' lang='lat' dir='ltr'><strong>non</strong></span> <span class='ocrx_word' id='word_1_147' title='bbox 1466 2233 1660 2320; x_wconf 81' lang='lat' dir='ltr'><strong>iden,</strong></span> <span class='ocrx_word' id='word_1_148' title='bbox 1696 2245 1774 2303; x_wconf 86' lang='lat' dir='ltr'><strong>ut</strong></span> 
     </span>
     <span class='ocr_line' id='line_1_23' title="bbox 186 2325 1788 2421; baseline 0 -25"><span class='ocrx_word' id='word_1_149' title='bbox 186 2354 315 2421; x_wconf 87' lang='lat' dir='ltr'><strong>pro</strong></span> <span class='ocrx_word' id='word_1_150' title='bbox 348 2354 507 2398; x_wconf 84' lang='lat' dir='ltr'><strong>vero</strong></span> <span class='ocrx_word' id='word_1_151' title='bbox 543 2328 997 2420; x_wconf 74' lang='lat' dir='ltr'><strong>accipiamuS,</strong></span> <span class='ocrx_word' id='word_1_152' title='bbox 1026 2341 1126 2396; x_wconf 87' lang='lat' dir='ltr'><strong>est</strong></span> <span class='ocrx_word' id='word_1_153' title='bbox 1161 2328 1459 2421; x_wconf 82' lang='lat' dir='ltr'><strong>positum</strong></span> <span class='ocrx_word' id='word_1_154' title='bbox 1492 2351 1512 2411; x_wconf 90' lang='lat'>;</span> <span class='ocrx_word' id='word_1_155' title='bbox 1540 2325 1656 2395; x_wconf 87' lang='lat' dir='ltr'><strong>sed</strong></span> <span class='ocrx_word' id='word_1_156' title='bbox 1699 2337 1788 2396; x_wconf 84' lang='lat' dir='ltr'><strong>ut·</strong></span> 
     </span>
     <span class='ocr_line' id='line_1_24' title="bbox 181 2417 1775 2512; baseline -0.002 -23"><span class='ocrx_word' id='word_1_157' title='bbox 181 2419 475 2489; x_wconf 83' lang='lat' dir='ltr'><strong>Antonii</strong></span> <span class='ocrx_word' id='word_1_158' title='bbox 504 2445 793 2512; x_wconf 83' lang='lat' dir='ltr'><strong>persona</strong></span> <span class='ocrx_word' id='word_1_159' title='bbox 821 2433 1168 2502; x_wconf 80' lang='lat' dir='ltr'><strong>servetur,</strong></span> <span class='ocrx_word' id='word_1_160' title='bbox 1216 2418 1331 2512; x_wconf 89' lang='lat' dir='ltr'><strong>qui</strong></span> <span class='ocrx_word' id='word_1_161' title='bbox 1371 2417 1775 2487; x_wconf 86' lang='lat' dir='ltr'><strong>dissimula-</strong></span> 
     </span>
     <span class='ocr_line' id='line_1_25' title="bbox 181 2509 1776 2602; baseline 0.002 -23"><span class='ocrx_word' id='word_1_162' title='bbox 181 2521 299 2579; x_wconf 70' lang='lat' dir='ltr'><strong>tor</strong></span> <span class='ocrx_word' id='word_1_163' title='bbox 333 2512 497 2581; x_wconf 79' lang='lat' dir='ltr'><strong>artis</strong></span> <span class='ocrx_word' id='word_1_164' title='bbox 526 2511 558 2580; x_wconf 82' lang='lat' dir='ltr'>s</span> <span class='ocrx_word' id='word_1_165' title='bbox 564 2512 687 2582; x_wconf 84' lang='lat' dir='ltr'><strong>uit.</strong></span> <span class='ocrx_word' id='word_1_166' title='bbox 721 2518 923 2582; x_wconf 72' lang='lat' dir='ltr'><strong>Hane</strong></span> <span class='ocrx_word' id='word_1_167' title='bbox 947 2524 1180 2580; x_wconf 78' lang='lat' dir='ltr'><strong>autem</strong></span> <span class='ocrx_word' id='word_1_168' title='bbox 1208 2509 1610 2602; x_wconf 81' lang='lat' dir='ltr'><strong>opinionem</strong></span> <span class='ocrx_word' id='word_1_169' title='bbox 1657 2509 1776 2582; x_wconf 89' lang='lat' dir='ltr'><strong>ha-</strong></span> 
     </span>
     <span class='ocr_line' id='line_1_26' title="bbox 182 2601 1847 2698; baseline 0.001 -27"><span class='ocrx_word' id='word_1_170' title='bbox 182 2601 416 2672; x_wconf 87' lang='lat' dir='ltr'><strong>buisse</strong></span> <span class='ocrx_word' id='word_1_171' title='bbox 475 2604 721 2698; x_wconf 87' lang='lat' dir='ltr'><strong>Lysias</strong></span> <span class='ocrx_word' id='word_1_172' title='bbox 764 2603 1039 2673; x_wconf 83' lang='lat' dir='ltr'><strong>videtur</strong></span> <span class='ocrx_word' id='word_1_173' title='bbox 1086 2629 1124 2692; x_wconf 65' lang='lat' dir='ltr'><strong>3v</strong></span> <span class='ocrx_word' id='word_1_174' title='bbox 1163 2604 1357 2688; x_wconf 79' lang='lat' dir='ltr'><strong>cujus</strong></span> <span class='ocrx_word' id='word_1_175' title='bbox 1418 2602 1776 2672; x_wconf 77' lang='lat' dir='ltr'><strong>sententiae</strong></span> <span class='ocrx_word' id='word_1_176' title='bbox 1837 2679 1847 2687; x_wconf 33' lang='lat'><strong>⁴</strong></span> 
     </span>
     <span class='ocr_line' id='line_1_27' title="bbox 183 2692 1780 2790; baseline 0 -28"><span class='ocrx_word' id='word_1_177' title='bbox 183 2693 361 2763; x_wconf 75' lang='lat' dir='ltr'><strong>talis</strong></span> <span class='ocrx_word' id='word_1_178' title='bbox 390 2694 703 2765; x_wconf 84' lang='lat' dir='ltr'><strong>defensio</strong></span> <span class='ocrx_word' id='word_1_179' title='bbox 760 2708 855 2765; x_wconf 85' lang='lat' dir='ltr'><strong>est</strong></span> <span class='ocrx_word' id='word_1_180' title='bbox 884 2749 902 2778; x_wconf 80' lang='grc'><em>,</em></span> <span class='ocrx_word' id='word_1_181' title='bbox 948 2693 1134 2790; x_wconf 85' lang='lat' dir='ltr'><strong>quod</strong></span> <span class='ocrx_word' id='word_1_182' title='bbox 1172 2692 1477 2779; x_wconf 80' lang='lat' dir='ltr'><strong>indocti,</strong></span> <span class='ocrx_word' id='word_1_183' title='bbox 1526 2706 1592 2763; x_wconf 87' lang='lat' dir='ltr'><strong>et</strong></span> <span class='ocrx_word' id='word_1_184' title='bbox 1618 2693 1780 2764; x_wconf 86' lang='lat' dir='ltr'><strong>bar-</strong></span> 
     </span>
     <span class='ocr_line' id='line_1_28' title="bbox 180 2782 1837 2878; baseline 0.001 -25"><span class='ocrx_word' id='word_1_185' title='bbox 180 2782 371 2872; x_wconf 63' lang='grc' dir='ltr'>ἱππί,</span> <span class='ocrx_word' id='word_1_186' title='bbox 399 2795 481 2855; x_wconf 80' lang='lat' dir='ltr'><strong>et&#39;</strong></span> <span class='ocrx_word' id='word_1_187' title='bbox 502 2784 675 2858; x_wconf 87' lang='lat' dir='ltr'><strong>servi</strong></span> <span class='ocrx_word' id='word_1_188' title='bbox 702 2841 720 2873; x_wconf 73' lang='lat'>‚</span> <span class='ocrx_word' id='word_1_189' title='bbox 752 2813 876 2878; x_wconf 85' lang='lat' dir='ltr'><strong>pro</strong></span> <span class='ocrx_word' id='word_1_190' title='bbox 907 2813 975 2857; x_wconf 88' lang='lat' dir='ltr'><strong>se</strong></span> <span class='ocrx_word' id='word_1_191' title='bbox 1008 2812 1165 2856; x_wconf 83' lang='lat' dir='ltr'><strong>cum</strong></span> <span class='ocrx_word' id='word_1_192' title='bbox 1194 2784 1573 2878; x_wconf 81' lang='lat' dir='ltr'><strong>loquuntur</strong></span> <span class='ocrx_word' id='word_1_193' title='bbox 1597 2840 1614 2871; x_wconf 87' lang='lat'><strong>‚</strong></span> <span class='ocrx_word' id='word_1_194' title='bbox 1651 2784 1778 2854; x_wconf 85' lang='lat' dir='ltr'><strong>ali·</strong></span> <span class='ocrx_word' id='word_1_195' title='bbox 1831 2800 1837 2808; x_wconf 84' lang='lat'><em>&#39;</em></span> 
     </span>
     <span class='ocr_line' id='line_1_29' title="bbox 184 2875 1778 2972; baseline -0.001 -26"><span class='ocrx_word' id='word_1_196' title='bbox 184 2875 357 2970; x_wconf 82' lang='lat' dir='ltr'><strong>quid</strong></span> <span class='ocrx_word' id='word_1_197' title='bbox 378 2876 613 2948; x_wconf 87' lang='lat' dir='ltr'><strong>dicant</strong></span> <span class='ocrx_word' id='word_1_198' title='bbox 637 2879 857 2948; x_wconf 85' lang='lat' dir='ltr'><strong>simile</strong></span> <span class='ocrx_word' id='word_1_199' title='bbox 880 2885 1210 2972; x_wconf 78' lang='lat' dir='ltr'><strong>principio</strong></span> <span class='ocrx_word' id='word_1_200' title='bbox 1232 2932 1250 2966; x_wconf 89' lang='lat'>‚</span> <span class='ocrx_word' id='word_1_201' title='bbox 1280 2891 1588 2964; x_wconf 85' lang='lat' dir='ltr'><strong>narrent,</strong></span> <span class='ocrx_word' id='word_1_202' title='bbox 1617 2899 1778 2970; x_wconf 85' lang='lat' dir='ltr'><strong>pro-</strong></span> 
     </span>
    </p>
   </div>
   <div class='ocr_carea' id='block_1_5' title="bbox 176 3047 1784 3435">
    <p class='ocr_par' dir='ltr' id='par_1_6' title="bbox 176 3047 1784 3435">
     <span class='ocr_line' id='line_1_30' title="bbox 252 3047 1778 3122; baseline 0.003 -21"><span class='ocrx_word' id='word_1_203' title='bbox 252 3047 350 3117; x_wconf 65' lang='grc' dir='ltr'><strong>(Ἰ)</strong></span> <span class='ocrx_word' id='word_1_204' title='bbox 376 3049 469 3101; x_wconf 79' lang='lat' dir='ltr'><strong>Pol</strong></span> <span class='ocrx_word' id='word_1_205' title='bbox 509 3063 662 3102; x_wconf 79' lang='lat' dir='ltr'><strong>crates</strong></span> <span class='ocrx_word' id='word_1_206' title='bbox 684 3051 1147 3120; x_wconf 63' lang='lat' dir='ltr'><strong>Atheniensisfnit,</strong></span> <span class='ocrx_word' id='word_1_207' title='bbox 1170 3055 1260 3122; x_wconf 80' lang='lat' dir='ltr'><strong>qui</strong></span> <span class='ocrx_word' id='word_1_208' title='bbox 1291 3055 1459 3121; x_wconf 80' lang='lat' dir='ltr'><strong>inopia</strong></span> <span class='ocrx_word' id='word_1_209' title='bbox 1491 3065 1684 3102; x_wconf 74' lang='lat' dir='ltr'><strong>coactus</strong></span> <span class='ocrx_word' id='word_1_210' title='bbox 1706 3065 1778 3106; x_wconf 79' lang='lat' dir='ltr'><strong>est</strong></span> 
     </span>
     <span class='ocr_line' id='line_1_31' title="bbox 180 3115 1780 3192; baseline 0.003 -26"><span class='ocrx_word' id='word_1_211' title='bbox 180 3115 239 3192; x_wconf 65' lang='lat' dir='ltr'><strong>ip</strong></span> <span class='ocrx_word' id='word_1_212' title='bbox 270 3117 445 3183; x_wconf 75' lang='lat' dir='ltr'><strong>Cypro</strong></span> <span class='ocrx_word' id='word_1_213' title='bbox 535 3115 755 3186; x_wconf 71' lang='lat' dir='ltr'><strong>phiatam</strong></span> <span class='ocrx_word' id='word_1_214' title='bbox 780 3136 941 3184; x_wconf 75' lang='lat' dir='ltr'><strong>agere.</strong></span> <span class='ocrx_word' id='word_1_215' title='bbox 959 3121 1202 3170; x_wconf 59' lang='lat' dir='ltr'><strong>[enudavit</strong></span> <span class='ocrx_word' id='word_1_216' title='bbox 1228 3121 1443 3172; x_wconf 75' lang='lat' dir='ltr'><strong>Busirim</strong></span> <span class='ocrx_word' id='word_1_217' title='bbox 1459 3135 1634 3184; x_wconf 84' lang='lat' dir='ltr'><strong>:quam</strong></span> <span class='ocrx_word' id='word_1_218' title='bbox 1659 3135 1780 3170; x_wconf 79' lang='lat' dir='ltr'><strong>ora·-</strong></span> 
     </span>
     <span class='ocr_line' id='line_1_32' title="bbox 176 3183 1784 3252; baseline 0.003 -20"><span class='ocrx_word' id='word_1_219' title='bbox 176 3194 376 3232; x_wconf 74' lang='lat' dir='ltr'><strong>nonem</strong></span> <span class='ocrx_word' id='word_1_220' title='bbox 412 3185 649 3236; x_wconf 70' lang='lat' dir='ltr'><strong>Isocrates</strong></span> <span class='ocrx_word' id='word_1_221' title='bbox 670 3183 727 3234; x_wconf 81' lang='lat' dir='ltr'><strong>in</strong></span> <span class='ocrx_word' id='word_1_222' title='bbox 748 3185 973 3236; x_wconf 80' lang='lat' dir='ltr'><strong>Busiride</strong></span> <span class='ocrx_word' id='word_1_223' title='bbox 996 3187 1225 3251; x_wconf 74' lang='lat' dir='ltr'><strong>damnat,</strong></span> <span class='ocrx_word' id='word_1_224' title='bbox 1243 3204 1300 3234; x_wconf 75' lang='lat' dir='ltr'><strong>ae.</strong></span> <span class='ocrx_word' id='word_1_225' title='bbox 1329 3183 1576 3252; x_wconf 78' lang='lat' dir='ltr'><strong>Polycrati</strong></span> <span class='ocrx_word' id='word_1_226' title='bbox 1601 3203 1784 3237; x_wconf 79' lang='lat' dir='ltr'><strong>exem-</strong></span> 
     </span>
     <span class='ocr_line' id='line_1_33' title="bbox 178 3248 1780 3318; baseline 0.005 -23"><span class='ocrx_word' id='word_1_227' title='bbox 178 3248 325 3314; x_wconf 68' lang='lat' dir='ltr'><strong>plum</strong></span> <span class='ocrx_word' id='word_1_228' title='bbox 356 3248 628 3313; x_wconf 78' lang='lat' dir='ltr'><strong>proescrihit</strong></span> <span class='ocrx_word' id='word_1_229' title='bbox 644 3287 659 3313; x_wconf 91' lang='lat'>‚</span> <span class='ocrx_word' id='word_1_230' title='bbox 683 3251 822 3318; x_wconf 88' lang='lat' dir='ltr'><strong>quod</strong></span> <span class='ocrx_word' id='word_1_231' title='bbox 837 3251 892 3300; x_wconf 87' lang='lat' dir='ltr'><strong>in</strong></span> <span class='ocrx_word' id='word_1_232' title='bbox 916 3251 1165 3302; x_wconf 76' lang='lat' dir='ltr'><strong>laudando</strong></span> <span class='ocrx_word' id='word_1_233' title='bbox 1179 3250 1404 3301; x_wconf 84' lang='lat' dir='ltr'><strong>Busiride</strong></span> <span class='ocrx_word' id='word_1_234' title='bbox 1423 3249 1563 3318; x_wconf 81' lang='lat' dir='ltr'><strong>sequi</strong></span> <span class='ocrx_word' id='word_1_235' title='bbox 1585 3251 1780 3304; x_wconf 48' lang='lat' dir='ltr'><strong>debenti</strong></span> 
     </span>
     <span class='ocr_line' id='line_1_34' title="bbox 191 3312 1780 3386; baseline 0.007 -23"><span class='ocrx_word' id='word_1_236' title='bbox 191 3312 360 3363; x_wconf 81' lang='lat' dir='ltr'><strong>Tum.</strong></span> <span class='ocrx_word' id='word_1_237' title='bbox 388 3314 571 3368; x_wconf 73' lang='lat' dir='ltr'><strong>Busiris</strong></span> <span class='ocrx_word' id='word_1_238' title='bbox 593 3329 757 3366; x_wconf 76' lang='lat' dir='ltr'><strong>autem</strong></span> <span class='ocrx_word' id='word_1_239' title='bbox 775 3355 791 3381; x_wconf 85' lang='lat'>‚</span> <span class='ocrx_word' id='word_1_240' title='bbox 818 3330 1055 3386; x_wconf 75' lang='lat' dir='ltr'><strong>tyrannus</strong></span> <span class='ocrx_word' id='word_1_241' title='bbox 1076 3315 1288 3385; x_wconf 79' lang='lat' dir='ltr'><strong>AEgypti</strong></span> <span class='ocrx_word' id='word_1_242' title='bbox 1305 3353 1321 3382; x_wconf 89' lang='lat'><strong>,</strong></span> <span class='ocrx_word' id='word_1_243' title='bbox 1338 3315 1430 3386; x_wconf 80' lang='lat' dir='ltr'><strong>qui</strong></span> <span class='ocrx_word' id='word_1_244' title='bbox 1457 3315 1688 3375; x_wconf 71' lang='lat' dir='ltr'><strong>homines</strong></span> <span class='ocrx_word' id='word_1_245' title='bbox 1715 3319 1780 3376; x_wconf 63' lang='lat' dir='ltr'><strong>ad</strong></span> 
     </span>
     <span class='ocr_line' id='line_1_35' title="bbox 179 3391 1208 3435; baseline 0.011 -8"><span class='ocrx_word' id='word_1_246' title='bbox 179 3396 323 3432; x_wconf 69' lang='lat' dir='ltr'><strong>axam</strong></span> <span class='ocrx_word' id='word_1_247' title='bbox 354 3391 571 3429; x_wconf 78' lang='lat' dir='ltr'><strong>mactare</strong></span> <span class='ocrx_word' id='word_1_248' title='bbox 598 3397 935 3435; x_wconf 70' lang='lat' dir='ltr'><strong>consueverat.</strong></span> <span class='ocrx_word' id='word_1_249' title='bbox 1205 3403 1208 3408; x_wconf 87' lang='lat'>·</span> 
     </span>
    </p>
   </div>
   <div class='ocr_carea' id='block_1_6' title="bbox 252 3460 1478 3600">
    <p class='ocr_par' dir='ltr' id='par_1_7' title="bbox 252 3460 1478 3600">
     <span class='ocr_line' id='line_1_36' title="bbox 252 3460 1390 3598; baseline 0.002 -84"><span class='ocrx_word' id='word_1_250' title='bbox 252 3460 363 3530; x_wconf 80' lang='lat'><strong>(2)</strong></span> <span class='ocrx_word' id='word_1_251' title='bbox 399 3461 887 3532; x_wconf 71' lang='lat' dir='ltr'><strong>adeoratore‚32.</strong></span> <span class='ocrx_word' id='word_1_252' title='bbox 931 3495 965 3518; x_wconf 85' lang='lat'><strong>-.</strong></span> <span class='ocrx_word' id='word_1_253' title='bbox 1332 3535 1390 3598; x_wconf 77' lang='lat' dir='ltr'><strong>F</strong></span> 
     </span>
     <span class='ocr_line' id='line_1_37' title="bbox 1436 3554 1478 3600; baseline 0 0"><span class='ocrx_word' id='word_1_254' title='bbox 1436 3554 1478 3600; x_wconf 83' lang='lat'>2</span> 
     </span>
    </p>
   </div>
  </div>
 </body>
</html>
