2175 3809
319 299 440 367 Du
488 295 986 365 Scnmoeonnsus
1031 298 1492 367 anomtm.
1596 302 1733 383 143
1821 329 1828 334 ·

219 420 448 492 Ate-2293»
480 426 710 499 σιωπςῖι,
737 416 1062 493 κ’Ῑσσκρίτ-ην
1097 424 1189 500 ἐφ’·
1218 420 1412 487 alym.

225 514 400 583 Turpe
434 529 541 565 esse
559 514 738 590 ‘'faoere
760 551 778 579 ‚
805 524 862 563 ει
887 512 1159 564 Isocratem
1190 518 1307 577 pati
1340 516 1518 571 dicero.
1582 526 1589 533 ’

145 634 270 701 Ars
295 616 399 701 est
433 608 824 723 utriusque3
855 629 974 700 sed
1001 630 1324 725 pluribus,
1344 658 1496 703 eam
1529 614 1739 703 libris

147 722 546 807 Aristoteles
571 722 961 814 complexus
989 736 1112 792 est.
1132 723 1393 793 Eodem
1419 728 1727 817 tempore
1833 731 1847 749 ‘

147 813 576 885 Theodectes
609 814 772 897 fuit,
797 813 881 882 de
903 818 1097 901 cujus
1124 836 1327 908 opere
1351 840 1554 909 supra
1582 815 1728 886 dic-

147 916 288 973 tum
309 916 434 973 est.
456 904 657 973 Theo
704 902 977 974 hrastus
999 896 1377 1000 (1)quo‘que
1395 908 1729 977 Aristote-

149 995 227 1065 lis
246 995 626 1089 discipulus
653 930 736 1064 de
760 994 1078 1067 rhetortice
1114 996 1485 1103 diligenter
1509 998 1731 1091 scrip-

151 1087 281 1172 sit3
333 1098 538 1179 atque
595 1085 762 1155 hinc
818 1088 926 1157 vel
989 1088 1364 1158 studiosius
1424 1088 1731 1181 philoso-

155 1177 306 1270 phi,
340 1202 544 1271 quam
583 1176 894 1247 rhetores
920 1232 938 1262 ,
973 1179 1449 1273 praecipueque
1491 1186 1735 1250 sto’ico·

153 1294 298 1339 rum
332 1294 412 1339 ac
443 1266 1047 1363 petipateticorum
1076 1270 1443 1363 principes,
1728 1332 1733 1337 .

237 1360 433 1430 Fecit
465 1358 721 1431 deinde
757 1360 942 1433 velut
977 1362 1323 1455 propriam
1356 1364 1741 1455 Hermagof

151 1476 256 1520 ras
294 1452 506 1537 viam,
553 1473 760 1545 quam
796 1452 1075 1545 plurimi
1120 1466 1278 1523 sunt
1324 1454 1583 1539 secuti3
1618 1454 1731 1525 cui

150 1543 438 1613 maxime
482 1568 605 1635 par
641 1556 842 1635 atque
891 1544 1174 1615 aemulus
1204 1546 1477 1619 videtur
1522 1545 1733 1617 Athe-

151 1660 334 1705 naeus
383 1634 613 1705 fuisse.
666 1634 891 1704 Multa
933 1650 1088 1731 post
1120 1638 1533 1729 Apollonius
1574 1646 1733 1733 Mo-

153 1724 269 1795 lon
290 1780 309 1811 ‚
332 1726 548 1795 multa
577 1731 797 1797 Areus
817 1779 835 1810 ‚
869 1728 1082 1797 multa
1118 1730 1429 1797 Caecilius
1456 1782 1474 1812 ‚
1496 1742 1564 1797 et
1594 1736 1735 1799 Ha-

153 1815 602 1891 licarnasseus
653 1818 1056 1911 Dionysius.
1106 1819 1453 1909 Proecipue
1503 1830 1759 1890 tamen·

155 1908 223 1979 in
244 1934 312 1979 se
332 1922 819 2001 converterunt
841 1911 1066 1995 studia
1087 1908 1553 2005 Apollodorus
1579 1914 1734 1979 Per-

156 2026 524 2092 gamenus,
583 2001 701 2094 qui
761 2014 1137 2107 praeceptor
1165 2000 1551 2093 Apolloniae
1600 2006 1735 2070 Cae-

157 2092 320 2163 saris
353 2093 646 2199 Augusti
687 2088 864 2179 fulls
914 2108 982 2163 et
1027 2092 1441 2163 Theodorus
1494 2092 1735 2161 Gada-

157 2207 348 2267 reus,
375 2210 496 2276 qui
531 2210 600 2253 se
631 2182 770 2254 dici
811 2184 1055 2254 maluit
1088 2185 1488 2269 Rhodium3
1530 2210 1734 2277 quem

160 2274 459 2344 studiose
516 2274 824 2361 audisse,
880 2302 1033 2346 cum
1088 2277 1159 2345 in
1224 2302 1372 2346 eam
1438 2276 1733 2346 insulam

159 2366 583 2451 secessisset,
635 2366 892 2437 dicitur
945 2367 1275 2437 Tiberius
1342 2373 1584 2437 Caesar.
1636 2367 1734 2438 Hi

162 2453 454 2527 diversas
520 2484 561 2527 o
614 2457 886 2528 iniones
953 2458 1388 2528 tradiderunt
1420 2512 1439 2545 ‚
1505 2458 1738 2552 appel-

161 2545 412 2642 latique
467 2484 629 2619 inde
677 2549 1124 2641 Apollodorei
1182 2562 1253 2619 et
1296 2550 1739 2638 Theodorei,

163 2644 242 2709 ad
288 2666 552 2711 morem
610 2655 827 2712 certas
887 2642 958 2711 in
1024 2641 1463 2735 philosophia
1520 2655 1737 2713 sectas

161 2731 511 2824 sequendi.
549 2732 682 2807 Sed
721 2732 1126 2827 Apollodori
1160 2745 1495 2826 praecepta
1523 2761 1627 2804 ma
1680 2733 1739 2803 is

158 2847 232 2891 ex
292 2824 656 2916 discipulis
715 2850 1084 2919 cognoscas
1126 2852 1148 2911 3
1211 2851 1501 2919 quorum
1563 2760 1740 2894 diii-

156 2916 590 3005 gentissimus
649 2916 722 2985 in
781 2916 1120 2987 tradendo
1190 2917 1400 2987 latine
1466 2916 1597 2985 fuit
1661 2920 1739 2987 C.

154 3006 484 3098 Valgius,
521 3033 731 3101 graece
765 3008 1059 3077 Atticus.
1102 3014 1277 3079 Nam
1333 3010 1546 3099 ipsius
1594 3004 1739 3079 sola

154 3096 432 3167 videtur
469 3124 577 3167 ars
617 3098 802 3169 edita
836 3098 922 3169 ad
956 3100 1249 3179 Matium
1277 3154 1296 3185 ‚
1347 3099 1505 3192 quia
1547 3107 1742 3187 caete-

151 3210 258 3255 ras
286 3189 493 3259 missa
511 3188 596 3261 ad
623 3192 1007 3281 Domitium
1028 3218 1062 3259 e
1119 3190 1316 3260 istola
1336 3214 1477 3258 non
1501 3214 1743 3283 agnos-e

150 3276 267 3352 cit.
299 3280 512 3355 Plura
544 3282 819 3379 scripsit
861 3218 1317 3371 TheodoruS,
1366 3284 1561 3374 cujus
1622 3307 1745 3352 au·-

205 3453 575 3573 (3)}’²⁸·⁴¹·
