2175 3809
270 290 405 379 340
702 308 885 373 Lrn.
932 310 1063 375 VI.
1115 311 1294 379 Cu.
1341 312 1438 379 11.

266 416 459 477 sane,
498 404 573 463 ut
604 418 873 465 causam
926 410 1230 469 nostram
1286 402 1639 471 meliorem
1701 426 1850 473 esse

264 482 528 571 judices
597 498 840 576 putent
898 515 913 556 :
970 494 1246 573 ‘affictus
1309 504 1631 583 praestant
1666 545 1687 574 ‚
1771 506 1850 563 ut

261 576 468 647 etiam
502 576 735 649 veiint.
760 577 894 647 Sed
916 578 987 648 id
1008 632 1025 661 ‚
1054 582 1214 673 quia
1239 582 1522 669 volunt,
1547 582 1847 653 credunt
1929 582 1942 588 ’

262 694 558 763 quoque.
612 676 786 738 Nam
816 694 969 739 cum
1006 671 1244 755 irasci,
1277 673 1502 743 favere
1525 726 1544 759 ‚
1579 674 1840 761 odisse,

262 761 566 831 misereri
597 761 961 865 coeperint,
987 762 1094 855 agi
1115 768 1250 850 jam
1277 789 1418 834 rem
1445 790 1637 833 suam
1671 765 1846 834 exis-

258 852 507 921 timant
525 876 546 936 3
574 863 640 921 et
658 864 1164 925 sicutmantes
1183 853 1267 925 de
1297 855 1512 926 forma
1533 854 1846 945 judicare

260 968 401 1013 non
430 956 744 1034 possunt,
776 942 938 1039 quia
986 970 1260 1015 sensum
1291 946 1650 1016 oculorum
1685 970 1844 1038 pre-

258 1034 383 1108 mit
418 1059 649 1117 amor,
678 1034 772 1103 ita
807 1060 1079 1105 omnem
1122 1036 1548 1129 inquirendae
1593 1038 1846 1107 verita-

257 1126 345 1195 tis
399 1125 728 1195 rationem
764 1122 971 1214 judex
1027 1125 1282 1196 amittit
1313 1139 1686 1220 occupatus
1744 1128 1847 1197 af-

258 1216 599 1301 fectibus3
631 1228 793 1287 aestu
822 1216 1070 1303 fertur,
1111 1230 1184 1287 et
1208 1218 1395 1297 velut
1428 1218 1670 1311 rapido
1697 1218 1844 1288 flu-

257 1308 427 1377 mini
464 1306 889 1412 obsequitur.
923 1315 1023 1377 lta
1082 1322 1480 1401 argumenta
1519 1335 1598 1379 ac
1632 1322 1842 1379 testes

256 1400 425 1495 quid
478 1411 781 1491 egerint,
833 1405 933 1483 (1)
976 1396 1462 1491 pronunciotio
1499 1400 1843 1469 ostendit:

257 1504 635 1561 commotus
692 1502 917 1559 autem
954 1490 1038 1559 ab
1083 1489 1354 1562 oratore
1392 1490 1630 1580 judex,
1669 1491 1876 1584 quid„

255 1581 545 1663 sentiat,
568 1580 811 1649 sedens
843 1580 1067 1651 adhuc
1086 1632 1105 1664 ‚
1137 1593 1340 1673 atque
1366 1582 1656 1652 audiens
1683 1608 1842 1653 con-

252 1672 510 1743 fitetur.
540 1676 651 1739 An
674 1722 691 1753 ,
722 1670 1168 1763 cumille‚qui
1199 1672 1540 1763 plerisque
1562 1698 1842 1763 perora-

250 1764 539 1835 tionibus
578 1761 873 1854 petitur,
918 1760 1119 1831 fletus
1163 1763 1492 1855 erumpit,
1527 1790 1667 1832 non
1717 1790 1839 1869 pa·-

255 1856 390 1927 lam
426 1855 609 1925 dicta
662 1853 1004 1923 sententia
1048 1862 1207 1922 est?
1261 1860 1421 1925 Huc
1472 1854 1686 1958 igitur
1725 1880 1833 1923 m-

257 1945 533 2017 cumbat
558 1957 819 2031 orator,
863 1942 995 2013 hoc
1029 1970 1200 2037 opus
1233 1949 1418 2034 eju8‚
1468 1944 1585 2014 luc
1639 1944 1836 2015 labor

256 2052 397 2122 est,
435 2038 581 2107 sine
617 2061 755 2127 quo
788 2047 1026 2107 caetera
1052 2034 1273 2119 nuda,
1325 2040 1590 2125 jejuna,
1642 2034 1838 2104 infir-

252 2156 361 2199 ma
385 2182 402 2211 ,
436 2128 699 2220 ingrata
729 2139 889 2195 sunt
916 2126 1125 2197 :adeo
1153 2126 1338 2195 velut
1366 2126 1652 2219 spiritus
1679 2152 1838 2219 ope-

253 2220 349 2289 ris
378 2220 583 2305 hujus
610 2271 627 2301 ‚
662 2230 863 2307 atque
892 2216 1160 2290 animus
1193 2230 1292 2285 est
1327 2216 1399 2285 in
1449 2216 1832 2287 affectibus.

342 2316 423 2379 11.
446 2314 712 2378 Horum
734 2320 989 2391 autem,
1022 2307 1196 2377 sicut
1223 2307 1602 2400 antiquitus
1623 2307 1836 2377 tradi-

252 2416 398 2471 tum
439 2398 859 2491 accepimus,
900 2398 1046 2471 duae
1097 2410 1260 2467 sunt
1304 2398 1562 2490 species
1593 2450 1615 2484 ,
1665 2398 1836 2467 alte—
1879 2470 1888 2475 ,

252 2516 397 2581 ram
424 2492 637 2563 Graeci
678 2494 843 2561 πάθος
895 2501 1180 2572 vocant,
1233 2516 1434 2581 quam
1472 2515 1596 2558 nos
1647 2502 1833 2559 recte

248 2595 593 2657 vertentes
620 2604 697 2653 ac
716 2578 992 2671 proprie
1024 2583 1336 2663 affectum
1366 2580 1658 2650 dicimus
1685 2604 1708 2665 ;
1739 2580 1836 2649 al-

246 2690 464 2747 teram
498 2674 603 2754 ,ῗοος
636 2726 651 2751 ,
687 2674 879 2758 cujus
924 2670 1238 2755 nomine,
1273 2684 1350 2741 ut
1388 2697 1513 2763 ego
1550 2670 1832 2763 quidem

247 2770 471 2839 sentio
496 2818 516 2851 ‚
550 2774 736 2833 caret
766 2788 987 2831 sermo
1028 2788 1393 2837 romanus:
1449 2788 1663 2831 mores
1709 2788 1830 2920 ap-

244 2861 629 2955 pellantur,
694 2866 896 2943 atque
954 2852 1114 2921 inde
1163 2877 1318 2943 pars
1359 2848 1644 2945 'quoque
1708 2853 1753 2921 il
1785 2878 1830 2922 a

242 2948 697 3045 philosophiae
727 2952 871 3023 ioum}
898 2942 1171 3013 moralis
1197 2956 1297 3013 est
1316 2942 1520 3013 dicta.
1554 2942 1690 3013 Sed
1725 2943 1830 3033 ip-

247 3070 387 3112 sam
421 3040 517 3109 rei
554 3053 867 3107 naturam
895 3036 1228 3125 spectanti
1271 3034 1482 3118 mihi,
1511 3059 1652 3103 non
1685 3046 1826 3103 tam

246 3158 457 3205 mores
488 3128 858 3221 significari
904 3126 1256 3211 videntur,
1313 3152 1517 3217 quam
1571 3150 1826 3197 morum

171 3242 175 3248 '
247 3224 546 3313 quoedam
568 3224 971 3309 pr0p1·ielas;
1004 3242 1161 3287 nam
1191 3216 1352 3309 ipsis
1379 3216 1658 3308 quidem
1686 3240 1824 3285 om·

169 3338 180 3355 ⁴⁴
246 3332 369 3379 nes
396 3309 671 3375 habitus
715 3308 959 3375 mentis
984 3358 1002 3390 ‚
1042 3308 1508 3378 continentur.
1539 3305 1828 3401 Cautio-3

314 3430 334 3461 ¹'
356 3445 370 3475 1
396 3426 416 3496 )
444 3428 763 3499 Proquntiata
779 3430 809 3479 ὲι
826 3429 1007 3492 Iudice
1033 3431 1291 3493 sementim
