2175 3809
346 237 474 305 132
707 237 896 302 Lm.
945 231 1046 301 11.
1097 237 1283 304 cst.
1331 239 1541 312 XXI.

335 323 916 420 philosophorum
967 325 1245 417 placet,
1300 328 1539 398 virtus,
1589 329 1947 422 Equidem

342 417 567 502 illud,
619 416 804 511 quod
859 416 1235 486 iil-studiis
1285 419 1562 498 dicendi
1622 421 1947 514 plerique

345 521 799 582 exercuerunt
843 519 911 576 et
955 523 1309 596 exercent,
1361 524 1478 582 aut
1514 513 1773 582 nullam
1808 539 1947 582 ar-

345 615 527 685 tem,
564 627 710 705 quae
742 616 967 680 irexu'ae
991 603 1395 672 nominatur
1417 655 1435 687 ‚
1470 617 1638 695 puto
1658 628 1677 686 3
1710 605 1955 687 (mul-

347 707 458 765 tos
491 719 678 789 enqn
711 693 940 777 vide-0,
968 693 1116 762 sine
1146 694 1441 779 ratione,
1476 695 1621 764 sine
1657 695 1955 782 litteris,

349 811 489 879 qua
514 786 618 854 vel
647 784 1078 876 impudentia
1116 783 1216 854 vel
1254 785 1463 855 sames
1496 785 1961 871 duxit,ruen-‚

347 889 454 948 tes
485 885 514 961 >
553 890 667 946 aut
702 877 946 946 malam
971 876 1187 970 ‘quasi
1230 889 1443 946 artem
1474 929 1493 963 ‚
1548 903 1747 970 quam
1780 912 1959 946 zazo-

353 982 572 1048 τ-ιχυιά,
613 968 930 1039 dicimus.
975 975 1151 1036 Nam
1186 981 1253 1037 et
1294 969 1505 1039 fuisse
1534 969 1783 1038 multos
1810 1019 1829 1053 ‚
1878 979 1963 1037 et

359 1083 504 1130 esse
555 1061 930 1131 nonnullos
981 1059 1335 1147 existim0‚
1375 1061 1493 1152 qui
1548 1059 1962 1130 facultatem

357 1150 639 1224 dicendi
675 1153 764 1222 ad
791 1151 1151 1222 hominum
1185 1151 1559 1244 perniciem
1592 1163 1964 1221 converte-

337 1244 530 1313 ·rint.
572 1250 972 1323 mammezo&
1007 1269 1279 1336 quoque
1322 1256 1423 1312 est
1455 1242 1758 1338 quaedam
1787 1296 1805 1327 ‚
1846 1242 1989 1313 'id'

356 1347 464 1405 est
489 1391 508 1420 ‚
549 1355 972 1428 supervacua
1007 1335 1173 1405 artis
1209 1334 1542 1421 imitatio,
1591 1361 1736 1426 quae
1770 1332 1965 1408 nihil

361 1449 526 1496 sane
549 1453 675 1497 nec
700 1426 864 1496 boni
896 1451 1024 1494 nec
1046 1426 1209 1495 mali
1240 1425 1489 1496 habeat
1507 1479 1525 1510 ‚
1548 1425 1666 1496 sed
1691 1434 1959 1495 vanum

361 1517 670 1587 laborem
699 1544 720 1602 3
753 1516 971 1610 qualis
1000 1515 1186 1584 illius
1228 1516 1403 1601 fuit,
1436 1518 1558 1611 qui
1594 1543 1801 1612 grana
1842 1517 2003 1586 ci·-⁴

359 1609 578 1690 ceris»,
623 1634 701 1677 ex
741 1607 963 1700 spatio
999 1605 1297 1676 distante
1330 1607 1583 1694 missa,
1628 1611 1699 1679 in
1755 1634 1966 1678 acum

361 1702 691 1770 continue
743 1711 813 1769 et
855 1699 1006 1768 sine
1054 1699 1499 1769 frustratione
1550 1700 1905 1770 inserebat
1944 1726 1968 1784 3
2018 1735 2023 1741 -

364 1818 570 1886 quem
615 1818 770 1862 cum
803 1790 1171 1883 spectasset
1199 1791 1621 1877 Alexander,
1662 1793 1966 1862 donasse

369 1909 529 1954 eum
571 1881 828 1954 dicitur
902 1881 1207 1973 ejusdem
1260 1883 1627 1989 leguminis
1699 1884 1967 1954 modio.

363 1977 584 2066 ¹Quod
603 1975 880 2069 quidem
897 1975 1251 2066 praemium
1280 1974 1552 2045 fantino
1574 2001 1777 2068 opere
1806 1975 1971 2068 dig-

373 2069 760 2139 nissimum.
787 2069 916 2136 His
935 2092 1060 2158 ego
1089 2067 1583 2158 comparandos
1604 2065 1924 2136 existimo
1946 2121 1969 2154 ,

393 2245 398 2250 ἶ
426 2161 494 2228 ui
539 2160 611 2228 in
655 2157 1284 2242 declamationibus,
1316 2183 1483 2250 quas
1510 2184 1651 2228 esse
1680 2159 1967 2228 veritati

375 2185 868 2322 gissimillimas
913 2248 1196 2333 volunt,
1245 2262 1511 2320 aetatem
1550 2250 1769 2320 multo
1803 2263 1974 2338 stu·-

375 2341 496 2413 dio
528 2367 606 2410 ac
639 2341 1347 2417 labore-consumunt.

469 2441 728 2506 Verum
791 2432 933 2503 haec
967 2485 986 2517 ‚
1057 2459 1263 2526 quam
1318 2430 1677 2502 instituere
1738 2459 1979 2504 cona-

375 2550 573 2611 mur,
606 2539 674 2595 et
716 2529 910 2612 cujus
957 2524 1322 2630 imaginem
1356 2523 1585 2592 animo
1630 2527 1977 2618 concepi-

306 2669 312 2682 .
381 2644 576 2703 mus»,
624 2643 770 2711 quae
820 2617 1007 2688 bono
1055 2642 1205 2685 viro
1258 2617 1627 2700 convenit,
1682 2643 1828 2709 quae
1884 2643 1975 2688 ue

389 2725 493 2781 est
527 2735 686 2786 vera
714 2709 1066 2792 rhetorice,
1102 2707 1321 2778 virtus
1361 2706 1514 2777 erit.
1549 2708 1753 2796 Quod
1798 2735 1839 2800 p
1901 2711 1978 2779 i-

381 2801 656 2908 losophi
690 2801 967 2894 quidem
1017 2799 1251 2868 multis
1295 2811 1365 2868 et
1412 2801 1630 2868 acutis
1672 2799 1980 2869 conclu-

385 2893 700 2983 sionibus
743 2893 1081 2984 colligunt
1118 2917 1138 2958 τ
1179 2887 1345 2960 mihi
1379 2915 1543 2960 vero
1582 2891 1787 2959 etiam
1824 2891 1981 2983 pla-

387 2989 584 3058 niore
650 2985 816 3069 hae,
892 2981 1169 3075 proprie
1248 2995 1483 3051 nostra
1558 2981 1977 3072 probatione

349 3080 660 3151 ·videtur
691 3101 834 3146 esse
869 3072 1327 3166 perspicuum.
1358 3073 1467 3142 Ab
1500 3072 1635 3142 illis
1668 3072 1813 3141 haec
1846 3073 1978 3144 di-

386 3182 677 3239 cuntur:
720 3167 772 3236 si
811 3189 1187 3236 consonare
1229 3159 1357 3233 sihi
1396 3164 1467 3234 in
1508 3163 1841 3234 faciendis
1883 3191 1979 3245 ac

385 3285 528 3342 non
561 3257 894 3332 faciendis
917 3311 935 3343 ‚
975 3255 1245 3352 virtutis
1280 3269 1424 3340 est,
1456 3257 1603 3348 quae
1636 3280 1789 3349 pars
1816 3260 1975 3344 ejus

383 3352 738 3444 prudentia
772 3361 1099 3436 vocatur3
1132 3347 1371 3420 eadem
1406 3346 1839 3422 indicendis
1884 3373 1982 3420 ae
