2175 3809
663 302 731 367 D
756 322 799 367 Ε
870 300 933 365 R
958 323 982 365 1
1008 322 1040 367 s
1066 322 1136 365 U.
1319 322 1324 327 ·
1573 302 1708 387 357

108 410 337 479 supra
399 385 696 457 dixeram
740 441 758 473 ‚
844 386 1260 459 inhumanus
1338 399 1438 457 est
1491 391 1704 477 jocus.

106 540 137 549 ,
208 474 354 547 Sed
387 477 665 571 quidam
703 479 798 548 ita
832 492 991 548 sunt
1020 490 1304 570 receptae
1339 480 1709 549 auctorita-

102 568 205 638 tis
250 581 321 639 et
347 582 521 641 notae
557 570 983 640 verecundiae
1005 623 1022 654 ,
1059 582 1135 638 ut
1169 568 1480 639 nocitura
1513 571 1600 639 sit
1632 570 1705 641 in

102 686 239 729 eos
264 657 540 731 dicendi
570 662 969 754 petulantia.
996 668 1168 731 Nam
1196 662 1278 730 de
1306 660 1538 730 amicis
1569 666 1705 750 jam·

103 763 538 843 praeceptum
572 766 692 821 est.
738 752 916 821 Illud
960 778 1102 823 non
1153 750 1238 821 ad
1288 752 1527 821 orandi
1563 754 1703 823 fere

104 841 490 911 consilium
508 896 524 925 ,
555 844 671 913 sed
694 843 777 913 ad
801 844 1030 913 omnia
1049 844 1377 937 pertinet,
1398 870 1481 912 ne
1504 843 1706 914 laces-

105 946 221 999 sat
282 932 415 1003 hoc
444 934 648 1004 modo
676 988 694 1019 ‚
730 961 929 1027 quem
973 934 1211 1003 laedere
1247 934 1333 1003 sit
1365 934 1704 1026 periculo-

101 1049 310 1107 sumg.
330 1050 413 1093 ne
436 1037 553 1094 aut
573 1024 947 1095 inimicitiae
968 1051 1204 1118 graves
1231 1025 1703 1119 insequantur,

102 1128 240 1185 aut
276 1116 495 1207 turpis
528 1116 923 1185 satisfactio.
956 1116 1138 1185 Male
1177 1116 1700 1202 etiam‘dicitur‚

100 1206 309 1298 quod
344 1206 676 1299 inwplures
724 1208 1083 1290 convenit,
1136 1208 1189 1275 si
1229 1220 1346 1275 aut
1388 1208 1700 1278 'nationes

99 1308 279 1365 totae
315 1296 743 1367 incessantur
766 1351 785 1382 ‚
822 1304 937 1366 au't
965 1296 1241 1366 ordines
1264 1350 1283 1382 ‚
1318 1310 1436 1366 aut
1470 1298 1703 1367 condi-

100 1387 213 1455 tio
243 1441 261 1471 ‚
298 1401 415 1457 aut
455 1390 681 1459 studia
727 1388 1121 1457 multorum.
1167 1394 1262 1457 Ea
1291 1442 1309 1471 ‚
1343 1414 1488 1481 quae
1531 1388 1702 1457 dicit

100 1478 221 1545 vir
254 1478 527 1564 bonuss
552 1481 779 1549 onmia
804 1532 822 1563 ‚
869 1480 1051 1549 salva
1100 1478 1430 1571 dignitate
1465 1506 1542 1549 ac
1572 1505 1702 1548 ve·-

104 1570 449 1639 recundia
468 1624 484 1655 ,
510 1570 779 1659 decent.
804 1571 1111 1639 Nimium
1139 1571 1320 1638 enim
1351 1571 1523 1639 risus
1554 1596 1698 1663 pre-

102 1660 292 1727 tium
332 1672 473 1741 est,
516 1662 571 1729 si
621 1662 980 1752 probitatis
1025 1662 1376 1751 impendio
1411 1674 1696 1730 constat.

202 1757 323 1818 Vl.
340 1750 538 1819 Unde
560 1764 787 1819 autem
815 1752 1223 1819 concilietur
1243 1752 1439 1835 risus,
1459 1765 1530 1819 et·
1547 1752 1698 1843 qui-—

98 1836 247 1908 bns
281 1867 358 1909 ex
394 1841 559 1911 locis
595 1843 733 1933 peti
771 1841 1028 1923 soleat,
1077 1840 1556 1909 difficillimum
1597 1854 1700 1909 est

104 1928 369 1999 dicere.
431 1940 601 2003 Nam
628 1944 663 2018 ‚'
716 1932 770 2001 si
806 1931 1064 2024 species
1101 1956 1335 1999 omnes
1383 1932 1696 2023 persequi

39 2080 41 2085 .
102 2021 403 2112 vel-imus
427 2076 445 2107 ‚
478 2050 605 2093 nec
634 2023 912 2093 modum
943 2024 1359 2114 reperiemus
1380 2032 1494 2108 ‚et
1525 2023 1697 2091 frus-

104 2122 220 2180 tra
272 2112 757 2200 laborabimus·
1057 2140 1061 2144 ·
1217 2195 1228 2203 ⁰
1338 2132 1346 2137 “
1403 2192 1406 2197 ,

182 2203 413 2271 'Risus
448 2205 660 2296 igitur
708 2204 1073 2287 oriuntur,
1119 2216 1238 2272 aut
1283 2229 1361 2272 ex
1410 2228 1694 2297 corpore

107 2297 263 2379 ejus
290 2346 306 2375 ‚
343 2294 413 2361 in
445 2320 645 2386 quem
675 2295 1003 2375 dicimus3
1032 2306 1150 2360 aut
1175 2320 1251 2361 ex
1279 2295 1506 2363 animo
1530 2350 1546 2377 ‚
1573 2296 1692 2388 qui

105 2383 312 2452 factis
364 2384 447 2453 ab
497 2411 578 2453 eo
633 2384 970 2474 dictisque.
1024 2383 1413 2475 colligitur3
1455 2400 1573 2455 aut
1615 2414 1696 2457 ex

106 2473 198 2541 iis
234 2526 251 2557 ,
322 2502 466 2566 quae
524 2488 684 2547 sunt
756 2485 942 2544 extra
1012 2475 1254 2563 posita.
1315 2482 1500 2546 Intra
1551 2477 1696 2548 haec
1747 2533 1752 2535 -

108 2564 299 2632 enim
328 2579 426 2634 est
452 2568 673 2637 omnis
700 2566 1112 2655 vituperatio
1138 2589 1158 2649 ;
1192 2593 1336 2657 quae
1359 2620 1380 2650 ‚
1429 2568 1482 2635 si
1527 2595 1694 2658 gra-

104 2654 264 2724 vius
312 2656 529 2745 posita
564 2658 688 2739 sit,
721 2656 898 2725 seria
942 2666 1041 2723 est
1065 2680 1087 2738 3
1129 2656 1184 2723 si
1221 2656 1468 2737 levius,
1510 2658 1696 2727 ridi-

108 2744 289 2813 cula.
321 2751 484 2814 Haec
531 2759 649 2815 aut
690 2743 1148 2816 ostenduntur
1173 2798 1192 2832 ‚
1241 2758 1356 2816 aut
1393 2772 1693 2819 narran-

106 2846 264 2918 tur,
305 2849 423 2905 aut
455 2837 633 2907 dicto
665 2847 1015 2908 notantur.

204 2932 463 2997 Rarum
507 2942 607 2998 est
654 2942 878 2999 autem
906 2978 925 3008 ‚
974 2940 1050 2997 ut
1103 2927 1330 2996 oculis·
1352 2928 1688 3017 subjicere

110 3019 511 3111 contingam
548 3033 623 3088 ut
655 3020 813 3090 fecit
834 3018 1295 3112 C‚(1)Julius‚
1333 3021 1486 3112 qui,
1535 3046 1688 3092 oum

108 3109 388 3178 Helmio
443 3112 729 3181 Manciae
781 3116 1019 3205 saepius
1078 3110 1496 3201 obstrepenti
1555 3112 1687 3182 sihi

112 3197 372 3269 diceret
408 3228 423 3269 ε
458 3201 619 3271 Jam
668 3206 1006 3277 ostendam
1051 3204 1270 3296 qualis
1311 3207 1404 3272 sis
1428 3235 1446 3283 5
1497 3203 1685 3297 isque

180 3342 241 3406 (1
265 3343 289 3407 )
316 3336 449 3393 Vide
480 3342 687 3396 eandem
711 3344 970 3401 historiam
1000 3346 1149 3398 latius
1185 3343 1446 3399 deductam
1479 3344 1606 3399 libro
1633 3362 1686 3401 n.

110 3406 175 3459 de
191 3408 393 3463 Oratore
406 3442 425 3475 ,
444 3407 557 3462 266.
1623 3412 1628 3417 ’
