<?xml version="1.0" encoding="UTF-8"?>
<!DOCTYPE html PUBLIC "-//W3C//DTD XHTML 1.0 Transitional//EN"
    "http://www.w3.org/TR/xhtml1/DTD/xhtml1-transitional.dtd">
<html xmlns="http://www.w3.org/1999/xhtml" xml:lang="en" lang="en">
 <head>
  <title>
</title>
<meta http-equiv="Content-Type" content="text/html;charset=utf-8" />
  <meta name='ocr-system' content='tesseract 3.04.00' />
  <meta name='ocr-capabilities' content='ocr_page ocr_carea ocr_par ocr_line ocrx_word'/>
</head>
<body>
  <div class='ocr_page' id='page_1' title='image "./mfabiiquintilia20quingoog_0230.png"; bbox 0 0 2175 3809; ppageno 0'>
   <div class='ocr_carea' id='block_1_1' title="bbox 325 241 1500 312">
    <p class='ocr_par' dir='ltr' id='par_1_1' title="bbox 325 241 1500 312">
     <span class='ocr_line' id='line_1_1' title="bbox 325 241 1500 312; baseline -0.005 0"><span class='ocrx_word' id='word_1_1' title='bbox 325 247 452 312; x_wconf 81' lang='lat'><strong><em>182</em></strong></span> <span class='ocrx_word' id='word_1_2' title='bbox 729 241 928 308; x_wconf 72' lang='lat' dir='ltr'><strong><em>Ltn.</em></strong></span> <span class='ocrx_word' id='word_1_3' title='bbox 989 242 1123 306; x_wconf 89' lang='lat' dir='ltr'><strong><em>IV.</em></strong></span> <span class='ocrx_word' id='word_1_4' title='bbox 1195 241 1388 308; x_wconf 76' lang='lat' dir='ltr'>CAr.</span> <span class='ocrx_word' id='word_1_5' title='bbox 1446 243 1500 307; x_wconf 91' lang='lat'><strong><em>1.</em></strong></span> 
     </span>
    </p>
   </div>
   <div class='ocr_carea' id='block_1_2' title="bbox 312 375 1211 404">
    <p class='ocr_par' dir='ltr' id='par_1_2' title="bbox 312 375 1211 404">
     <span class='ocr_line' id='line_1_2' title="bbox 312 375 1211 404; baseline -0.007 -2"><span class='ocrx_word' id='word_1_6' title='bbox 312 377 630 404; x_wconf 52' lang='lat' dir='ltr'><strong><em>msssoms</em></strong></span> <span class='ocrx_word' id='word_1_7' title='bbox 634 375 1211 399; x_wconf 49' lang='lat' dir='ltr'><strong><em>§QWSWQMCOEOE</em></strong></span> 
     </span>
    </p>
   </div>
   <div class='ocr_carea' id='block_1_3' title="bbox 845 481 1373 550">
    <p class='ocr_par' dir='ltr' id='par_1_3' title="bbox 845 481 1373 550">
     <span class='ocr_line' id='line_1_3' title="bbox 845 481 1373 550; baseline -0.002 0"><span class='ocrx_word' id='word_1_8' title='bbox 845 481 1246 550; x_wconf 87' lang='lat' dir='ltr'><strong>CAPUT</strong></span> <span class='ocrx_word' id='word_1_9' title='bbox 1320 485 1373 550; x_wconf 92' lang='lat'><strong><em>1.</em></strong></span> 
     </span>
    </p>
   </div>
   <div class='ocr_carea' id='block_1_4' title="bbox 754 626 1465 693">
    <p class='ocr_par' dir='ltr' id='par_1_4' title="bbox 754 626 1465 693">
     <span class='ocr_line' id='line_1_4' title="bbox 754 626 1465 693; baseline 0 -2"><span class='ocrx_word' id='word_1_10' title='bbox 754 627 890 691; x_wconf 73' lang='lat' dir='ltr'><strong><em>DE</em></strong></span> <span class='ocrx_word' id='word_1_11' title='bbox 981 626 1465 693; x_wconf 77' lang='lat' dir='ltr'><strong><em>Exonn10.</em></strong></span> 
     </span>
    </p>
   </div>
   <div class='ocr_carea' id='block_1_5' title="bbox 1210 377 1409 398">
    <p class='ocr_par' dir='ltr' id='par_1_5' title="bbox 1210 377 1409 398">
     <span class='ocr_line' id='line_1_5' title="bbox 1210 377 1409 398; baseline 0 3411"><span class='ocrx_word' id='word_1_12' title='bbox 1210 377 1409 398; x_wconf 95' lang='lat' dir='ltr'><strong><em> </em></strong></span> 
     </span>
    </p>
   </div>
   <div class='ocr_carea' id='block_1_6' title="bbox 1410 374 1913 412">
    <p class='ocr_par' dir='ltr' id='par_1_6' title="bbox 1410 374 1913 412">
     <span class='ocr_line' id='line_1_6' title="bbox 1410 374 1913 412; baseline 0.006 -14"><span class='ocrx_word' id='word_1_13' title='bbox 1410 374 1913 412; x_wconf 55' lang='lat' dir='ltr'><strong><em>mm</em></strong></span> 
     </span>
    </p>
   </div>
   <div class='ocr_carea' id='block_1_7' title="bbox 313 779 1917 2305">
    <p class='ocr_par' dir='ltr' id='par_1_7' title="bbox 313 779 1917 2305">
     <span class='ocr_line' id='line_1_7' title="bbox 400 779 1909 844; baseline -0.003 0"><span class='ocrx_word' id='word_1_14' title='bbox 400 781 453 844; x_wconf 86' lang='lat'><strong><em>1.</em></strong></span> <span class='ocrx_word' id='word_1_15' title='bbox 497 780 708 842; x_wconf 78' lang='lat' dir='ltr'><strong><em>Melius</em></strong></span> <span class='ocrx_word' id='word_1_16' title='bbox 763 782 824 840; x_wconf 84' lang='lat' dir='ltr'><strong><em>id</em></strong></span> <span class='ocrx_word' id='word_1_17' title='bbox 863 782 1051 842; x_wconf 81' lang='lat' dir='ltr'><strong><em>vocari</em></strong></span> <span class='ocrx_word' id='word_1_18' title='bbox 1103 781 1141 842; x_wconf 83' lang='grc' dir='ltr'>ὰ</span> <span class='ocrx_word' id='word_1_19' title='bbox 1181 779 1393 842; x_wconf 85' lang='lat' dir='ltr'><strong><em>Groecis</em></strong></span> <span class='ocrx_word' id='word_1_20' title='bbox 1445 781 1782 842; x_wconf 80' lang='lat' dir='ltr'><strong><em>Prooemium.</em></strong></span> <span class='ocrx_word' id='word_1_21' title='bbox 1816 812 1909 828; x_wconf 90' lang='lat'><strong><em>-·</em></strong></span> 
     </span>
     <span class='ocr_line' id='line_1_8' title="bbox 319 860 1905 938; baseline -0.003 -12"><span class='ocrx_word' id='word_1_22' title='bbox 319 863 632 926; x_wconf 79' lang='lat' dir='ltr'><strong><em>Exordium</em></strong></span> <span class='ocrx_word' id='word_1_23' title='bbox 681 861 928 921; x_wconf 81' lang='lat' dir='ltr'><strong><em>adhiberi</em></strong></span> <span class='ocrx_word' id='word_1_24' title='bbox 959 904 978 934; x_wconf 88' lang='lat'><strong>,</strong></span> <span class='ocrx_word' id='word_1_25' title='bbox 1023 873 1082 920; x_wconf 82' lang='lat' dir='ltr'><strong><em>ut</em></strong></span> <span class='ocrx_word' id='word_1_26' title='bbox 1136 863 1445 938; x_wconf 78' lang='lat' dir='ltr'><strong><em>concilietur</em></strong></span> <span class='ocrx_word' id='word_1_27' title='bbox 1478 860 1846 922; x_wconf 81' lang='lat' dir='ltr'><strong><em>benevolentia</em></strong></span> <span class='ocrx_word' id='word_1_28' title='bbox 1878 903 1905 934; x_wconf 88' lang='lat'><strong>,</strong></span> 
     </span>
     <span class='ocr_line' id='line_1_9' title="bbox 318 939 1909 1013; baseline -0.004 -5"><span class='ocrx_word' id='word_1_29' title='bbox 318 947 546 1008; x_wconf 83' lang='lat' dir='ltr'><strong><em>attentio</em></strong></span> <span class='ocrx_word' id='word_1_30' title='bbox 569 984 588 1013; x_wconf 89' lang='lat'><strong>,</strong></span> <span class='ocrx_word' id='word_1_31' title='bbox 629 939 904 1002; x_wconf 79' lang='lat' dir='ltr'><strong><em>docilitas.</em></strong></span> <span class='ocrx_word' id='word_1_32' title='bbox 943 941 1026 1001; x_wconf 91' lang='grc' dir='ltr'><strong><em>ΙΙ.</em></strong></span> <span class='ocrx_word' id='word_1_33' title='bbox 1053 939 1149 1002; x_wconf 90' lang='lat' dir='ltr'><strong><em>De</em></strong></span> <span class='ocrx_word' id='word_1_34' title='bbox 1178 942 1570 1002; x_wconf 79' lang='lat' dir='ltr'><strong><em>benevolentia.</em></strong></span> <span class='ocrx_word' id='word_1_35' title='bbox 1616 939 1759 1000; x_wconf 85' lang='lat' dir='ltr'><strong><em>Eam</em></strong></span> <span class='ocrx_word' id='word_1_36' title='bbox 1800 945 1909 1002; x_wconf 87' lang='lat' dir='ltr'><strong><em>tri·</em></strong></span> 
     </span>
     <span class='ocr_line' id='line_1_10' title="bbox 313 1020 1903 1108; baseline -0.003 -24"><span class='ocrx_word' id='word_1_37' title='bbox 313 1025 532 1108; x_wconf 82' lang='lat' dir='ltr'><strong><em>pliciter</em></strong></span> <span class='ocrx_word' id='word_1_38' title='bbox 557 1020 853 1082; x_wconf 88' lang='lat' dir='ltr'><strong><em>conciliari.</em></strong></span> <span class='ocrx_word' id='word_1_39' title='bbox 881 1020 993 1082; x_wconf 78' lang='lat' dir='ltr'><strong><em>Aut</em></strong></span> <span class='ocrx_word' id='word_1_40' title='bbox 1014 1023 1048 1081; x_wconf 82' lang='grc' dir='ltr'><em>ἁ</em></span> <span class='ocrx_word' id='word_1_41' title='bbox 1071 1025 1311 1100; x_wconf 84' lang='lat' dir='ltr'><strong><em>personis</em></strong></span> <span class='ocrx_word' id='word_1_42' title='bbox 1332 1065 1348 1094; x_wconf 90' lang='lat'><strong>,</strong></span> <span class='ocrx_word' id='word_1_43' title='bbox 1367 1044 1488 1104; x_wconf 79' lang='lat' dir='ltr'><strong><em>qaae</em></strong></span> <span class='ocrx_word' id='word_1_44' title='bbox 1507 1035 1631 1082; x_wconf 82' lang='lat' dir='ltr'><strong><em>sunt</em></strong></span> <span class='ocrx_word' id='word_1_45' title='bbox 1645 1025 1903 1104; x_wconf 78' lang='lat' dir='ltr'><strong><em>quinque.</em></strong></span> 
     </span>
     <span class='ocr_line' id='line_1_11' title="bbox 329 1099 1913 1182; baseline -0.003 -18"><span class='ocrx_word' id='word_1_46' title='bbox 329 1125 380 1164; x_wconf 82' lang='lat'><strong><em>1.</em></strong></span> <span class='ocrx_word' id='word_1_47' title='bbox 409 1104 578 1164; x_wconf 79' lang='lat' dir='ltr'><strong><em>Actor</em></strong></span> <span class='ocrx_word' id='word_1_48' title='bbox 601 1123 794 1161; x_wconf 73' lang='lat' dir='ltr'><strong><em>causa.</em></strong></span> <span class='ocrx_word' id='word_1_49' title='bbox 832 1121 890 1160; x_wconf 83' lang='lat'><strong><em>2.</em></strong></span> <span class='ocrx_word' id='word_1_50' title='bbox 925 1101 1109 1162; x_wconf 85' lang='lat' dir='ltr'><strong><em>Partis</em></strong></span> <span class='ocrx_word' id='word_1_51' title='bbox 1139 1105 1383 1176; x_wconf 45' lang='lat' dir='ltr'><strong><em>adversa-</em></strong></span> <span class='ocrx_word' id='word_1_52' title='bbox 1401 1113 1677 1182; x_wconf 80' lang='lat' dir='ltr'><strong><em>patronus.</em></strong></span> <span class='ocrx_word' id='word_1_53' title='bbox 1716 1103 1773 1160; x_wconf 78' lang='lat'><strong><em>3.</em></strong></span> <span class='ocrx_word' id='word_1_54' title='bbox 1805 1099 1913 1160; x_wconf 88' lang='lat' dir='ltr'><strong><em>Li-</em></strong></span> 
     </span>
     <span class='ocr_line' id='line_1_12' title="bbox 319 1179 1911 1264; baseline -0.004 -19"><span class='ocrx_word' id='word_1_55' title='bbox 319 1189 549 1264; x_wconf 84' lang='lat' dir='ltr'><strong><em>tigator.</em></strong></span> <span class='ocrx_word' id='word_1_56' title='bbox 573 1191 632 1258; x_wconf 65' lang='lat'><strong><em>4·</em></strong></span> <span class='ocrx_word' id='word_1_57' title='bbox 659 1184 1041 1244; x_wconf 79' lang='lat' dir='ltr'><strong><em>Adversarius.</em></strong></span> <span class='ocrx_word' id='word_1_58' title='bbox 1065 1179 1121 1240; x_wconf 82' lang='lat'><strong><em>5.</em></strong></span> <span class='ocrx_word' id='word_1_59' title='bbox 1138 1183 1424 1260; x_wconf 79' lang='lat' dir='ltr'><strong><em>jadex.-—</em></strong></span> <span class='ocrx_word' id='word_1_60' title='bbox 1440 1181 1549 1242; x_wconf 78' lang='lat' dir='ltr'><strong><em>Aut</em></strong></span> <span class='ocrx_word' id='word_1_61' title='bbox 1566 1205 1600 1241; x_wconf 93' lang='lat' dir='ltr'><strong><em>a</em></strong></span> <span class='ocrx_word' id='word_1_62' title='bbox 1619 1185 1911 1244; x_wconf 73' lang='lat' dir='ltr'><strong><em>causis.—</em></strong></span> 
     </span>
     <span class='ocr_line' id='line_1_13' title="bbox 319 1261 1907 1342; baseline -0.004 -15"><span class='ocrx_word' id='word_1_63' title='bbox 319 1266 436 1329; x_wconf 73' lang='lat' dir='ltr'><strong><em>Aut</em></strong></span> <span class='ocrx_word' id='word_1_64' title='bbox 465 1264 542 1325; x_wconf 88' lang='lat' dir='ltr'><strong><em>ab</em></strong></span> <span class='ocrx_word' id='word_1_65' title='bbox 573 1267 644 1324; x_wconf 76' lang='lat' dir='ltr'><strong><em>iis</em></strong></span> <span class='ocrx_word' id='word_1_66' title='bbox 671 1283 787 1342; x_wconf 74' lang='lat' dir='ltr'><strong><em>qua</em></strong></span> <span class='ocrx_word' id='word_1_67' title='bbox 838 1267 1013 1323; x_wconf 78' lang='lat' dir='ltr'><strong><em>causis</em></strong></span> <span class='ocrx_word' id='word_1_68' title='bbox 1057 1261 1149 1324; x_wconf 79' lang='lat' dir='ltr'><strong><em>vel</em></strong></span> <span class='ocrx_word' id='word_1_69' title='bbox 1176 1266 1413 1340; x_wconf 76' lang='lat' dir='ltr'><strong><em>personis</em></strong></span> <span class='ocrx_word' id='word_1_70' title='bbox 1449 1263 1703 1342; x_wconf 80' lang='lat' dir='ltr'><strong><em>adjuncta</em></strong></span> <span class='ocrx_word' id='word_1_71' title='bbox 1754 1274 1907 1322; x_wconf 81' lang='lat' dir='ltr'><strong><em>sunt.</em></strong></span> 
     </span>
     <span class='ocr_line' id='line_1_14' title="bbox 321 1340 1913 1408; baseline -0.004 0"><span class='ocrx_word' id='word_1_72' title='bbox 321 1342 442 1408; x_wconf 82' lang='grc' dir='ltr'><strong><em>ΙΙΙ.</em></strong></span> <span class='ocrx_word' id='word_1_73' title='bbox 497 1343 592 1408; x_wconf 89' lang='lat' dir='ltr'><strong><em>De</em></strong></span> <span class='ocrx_word' id='word_1_74' title='bbox 637 1347 952 1404; x_wconf 80' lang='lat' dir='ltr'><strong><em>attentione.</em></strong></span> <span class='ocrx_word' id='word_1_75' title='bbox 988 1342 1097 1404; x_wconf 82' lang='lat' dir='ltr'><strong><em>IV.</em></strong></span> <span class='ocrx_word' id='word_1_76' title='bbox 1154 1341 1249 1402; x_wconf 86' lang='lat' dir='ltr'><strong><em>De</em></strong></span> <span class='ocrx_word' id='word_1_77' title='bbox 1296 1341 1596 1402; x_wconf 85' lang='lat' dir='ltr'><strong><em>docilitate.</em></strong></span> <span class='ocrx_word' id='word_1_78' title='bbox 1652 1340 1724 1402; x_wconf 88' lang='lat' dir='ltr'><strong><em>V.</em></strong></span> <span class='ocrx_word' id='word_1_79' title='bbox 1770 1341 1913 1402; x_wconf 80' lang='lat' dir='ltr'><strong><em>Hac</em></strong></span> 
     </span>
     <span class='ocr_line' id='line_1_15' title="bbox 321 1421 1915 1503; baseline -0.005 -14"><span class='ocrx_word' id='word_1_80' title='bbox 321 1429 432 1489; x_wconf 80' lang='lat' dir='ltr'><strong><em>tria</em></strong></span> <span class='ocrx_word' id='word_1_81' title='bbox 451 1429 607 1486; x_wconf 80' lang='lat' dir='ltr'><strong><em>varie</em></strong></span> <span class='ocrx_word' id='word_1_82' title='bbox 625 1423 875 1484; x_wconf 74' lang='lat' dir='ltr'><strong><em>adhiberi</em></strong></span> <span class='ocrx_word' id='word_1_83' title='bbox 895 1446 994 1502; x_wconf 85' lang='lat' dir='ltr'><strong><em>pro</em></strong></span> <span class='ocrx_word' id='word_1_84' title='bbox 1019 1427 1189 1484; x_wconf 74' lang='lat' dir='ltr'><strong><em>variis</em></strong></span> <span class='ocrx_word' id='word_1_85' title='bbox 1216 1426 1446 1503; x_wconf 78' lang='lat' dir='ltr'><strong><em>quinque</em></strong></span> <span class='ocrx_word' id='word_1_86' title='bbox 1464 1421 1747 1502; x_wconf 80' lang='lat' dir='ltr'><strong><em>generibus</em></strong></span> <span class='ocrx_word' id='word_1_87' title='bbox 1774 1445 1915 1483; x_wconf 65' lang='lat' dir='ltr'><strong><em>cau·-</em></strong></span> 
     </span>
     <span class='ocr_line' id='line_1_16' title="bbox 321 1503 1911 1582; baseline -0.003 -16"><span class='ocrx_word' id='word_1_88' title='bbox 321 1526 523 1566; x_wconf 83' lang='lat' dir='ltr'><strong><em>sarum.</em></strong></span> <span class='ocrx_word' id='word_1_89' title='bbox 565 1503 626 1564; x_wconf 89' lang='lat' dir='ltr'><em>V</em></span> <span class='ocrx_word' id='word_1_90' title='bbox 619 1503 668 1563; x_wconf 90' lang='grc' dir='ltr'><strong><em>Ι.</em></strong></span> <span class='ocrx_word' id='word_1_91' title='bbox 710 1503 1057 1578; x_wconf 85' lang='lat' dir='ltr'><strong><em>Quandonam</em></strong></span> <span class='ocrx_word' id='word_1_92' title='bbox 1089 1517 1146 1564; x_wconf 86' lang='lat' dir='ltr'><strong><em>et</em></strong></span> <span class='ocrx_word' id='word_1_93' title='bbox 1167 1505 1434 1582; x_wconf 74' lang='lat' dir='ltr'><strong><em>quomodo</em></strong></span> <span class='ocrx_word' id='word_1_94' title='bbox 1466 1503 1773 1564; x_wconf 76' lang='lat' dir='ltr'><strong><em>adhibenda</em></strong></span> <span class='ocrx_word' id='word_1_95' title='bbox 1808 1503 1911 1562; x_wconf 86' lang='lat' dir='ltr'><strong><em>In-</em></strong></span> 
     </span>
     <span class='ocr_line' id='line_1_17' title="bbox 320 1581 1908 1663; baseline -0.001 -19"><span class='ocrx_word' id='word_1_96' title='bbox 320 1587 556 1645; x_wconf 79' lang='lat' dir='ltr'><strong><em>sinuatio</em></strong></span> <span class='ocrx_word' id='word_1_97' title='bbox 587 1625 606 1657; x_wconf 92' lang='lat'><strong>,</strong></span> <span class='ocrx_word' id='word_1_98' title='bbox 654 1604 770 1663; x_wconf 73' lang='lat' dir='ltr'><strong><em>quae</em></strong></span> <span class='ocrx_word' id='word_1_99' title='bbox 827 1593 909 1640; x_wconf 86' lang='lat' dir='ltr'><strong><em>est</em></strong></span> <span class='ocrx_word' id='word_1_100' title='bbox 957 1581 1130 1642; x_wconf 77' lang='lat' dir='ltr'><strong><em>altera</em></strong></span> <span class='ocrx_word' id='word_1_101' title='bbox 1186 1586 1389 1660; x_wconf 81' lang='lat' dir='ltr'><strong><em>species</em></strong></span> <span class='ocrx_word' id='word_1_102' title='bbox 1444 1581 1708 1642; x_wconf 80' lang='lat' dir='ltr'><strong><em>Exordii.</em></strong></span> <span class='ocrx_word' id='word_1_103' title='bbox 1756 1581 1818 1642; x_wconf 91' lang='lat' dir='ltr'><em>V</em></span> <span class='ocrx_word' id='word_1_104' title='bbox 1812 1584 1851 1642; x_wconf 89' lang='lat' dir='ltr'><strong><em>I</em></strong></span> <span class='ocrx_word' id='word_1_105' title='bbox 1854 1581 1886 1641; x_wconf 95' lang='lat'><em>1</em></span> <span class='ocrx_word' id='word_1_106' title='bbox 1892 1623 1908 1642; x_wconf 86' lang='lat'><strong>.</strong></span> 
     </span>
     <span class='ocr_line' id='line_1_18' title="bbox 325 1660 1915 1744; baseline 0.001 -22"><span class='ocrx_word' id='word_1_107' title='bbox 325 1663 604 1741; x_wconf 80' lang='lat' dir='ltr'><strong><em>Quomodo</em></strong></span> <span class='ocrx_word' id='word_1_108' title='bbox 663 1663 854 1744; x_wconf 76' lang='lat' dir='ltr'><strong><em>perfici</em></strong></span> <span class='ocrx_word' id='word_1_109' title='bbox 893 1661 1173 1734; x_wconf 81' lang='lat' dir='ltr'><strong><em>facillime</em></strong></span> <span class='ocrx_word' id='word_1_110' title='bbox 1222 1669 1399 1742; x_wconf 80' lang='lat' dir='ltr'><strong><em>possit</em></strong></span> <span class='ocrx_word' id='word_1_111' title='bbox 1454 1660 1789 1741; x_wconf 69' lang='lat' dir='ltr'><strong><em>Exordium,</em></strong></span> <span class='ocrx_word' id='word_1_112' title='bbox 1827 1698 1915 1708; x_wconf 93' lang='lat'>—</span> 
     </span>
     <span class='ocr_line' id='line_1_19' title="bbox 321 1741 1915 1822; baseline -0.001 -18"><span class='ocrx_word' id='word_1_113' title='bbox 321 1744 492 1804; x_wconf 84' lang='lat' dir='ltr'><strong><em>Recte</em></strong></span> <span class='ocrx_word' id='word_1_114' title='bbox 534 1745 658 1804; x_wconf 79' lang='lat' dir='ltr'><strong><em>duci</em></strong></span> <span class='ocrx_word' id='word_1_115' title='bbox 695 1741 767 1801; x_wconf 83' lang='lat' dir='ltr'><strong><em>ab</em></strong></span> <span class='ocrx_word' id='word_1_116' title='bbox 797 1744 1006 1802; x_wconf 82' lang='lat' dir='ltr'><strong><em>actione</em></strong></span> <span class='ocrx_word' id='word_1_117' title='bbox 1035 1745 1277 1803; x_wconf 83' lang='lat' dir='ltr'><strong><em>adversoe</em></strong></span> <span class='ocrx_word' id='word_1_118' title='bbox 1319 1747 1511 1822; x_wconf 77' lang='lat' dir='ltr'><strong><em>partis.</em></strong></span> <span class='ocrx_word' id='word_1_119' title='bbox 1555 1777 1635 1790; x_wconf 90' lang='lat'><strong><em>—-</em></strong></span> <span class='ocrx_word' id='word_1_120' title='bbox 1666 1743 1743 1803; x_wconf 80' lang='lat' dir='ltr'><strong><em>Ei</em></strong></span> <span class='ocrx_word' id='word_1_121' title='bbox 1775 1765 1915 1803; x_wconf 85' lang='lat' dir='ltr'><strong><em>con-</em></strong></span> 
     </span>
     <span class='ocr_line' id='line_1_20' title="bbox 322 1821 1913 1904; baseline -0.002 -17"><span class='ocrx_word' id='word_1_122' title='bbox 322 1827 508 1887; x_wconf 77' lang='lat' dir='ltr'><strong><em>venire</em></strong></span> <span class='ocrx_word' id='word_1_123' title='bbox 539 1825 880 1885; x_wconf 79' lang='lat' dir='ltr'><strong><em>modestiam.</em></strong></span> <span class='ocrx_word' id='word_1_124' title='bbox 893 1853 995 1868; x_wconf 91' lang='lat'><strong><em>—-·</em></strong></span> <span class='ocrx_word' id='word_1_125' title='bbox 1023 1821 1319 1883; x_wconf 84' lang='lat' dir='ltr'><strong><em>Vitandam</em></strong></span> <span class='ocrx_word' id='word_1_126' title='bbox 1342 1827 1481 1884; x_wconf 86' lang='lat' dir='ltr'><strong><em>artis</em></strong></span> <span class='ocrx_word' id='word_1_127' title='bbox 1507 1826 1863 1904; x_wconf 79' lang='lat' dir='ltr'><strong><em>suspicionem</em></strong></span> <span class='ocrx_word' id='word_1_128' title='bbox 1890 1866 1913 1896; x_wconf 89' lang='lat'><strong>,</strong></span> 
     </span>
     <span class='ocr_line' id='line_1_21' title="bbox 324 1897 1915 1986; baseline -0.003 -18"><span class='ocrx_word' id='word_1_129' title='bbox 324 1918 382 1968; x_wconf 84' lang='lat' dir='ltr'><strong><em>et</em></strong></span> <span class='ocrx_word' id='word_1_130' title='bbox 413 1903 695 1966; x_wconf 82' lang='lat' dir='ltr'><strong><em>verborum</em></strong></span> <span class='ocrx_word' id='word_1_131' title='bbox 743 1907 1052 1964; x_wconf 83' lang='lat' dir='ltr'><strong><em>audaciam.</em></strong></span> <span class='ocrx_word' id='word_1_132' title='bbox 1089 1901 1149 1962; x_wconf 87' lang='lat' dir='ltr'><em>V</em></span> <span class='ocrx_word' id='word_1_133' title='bbox 1143 1897 1241 1962; x_wconf 83' lang='grc' dir='ltr'><strong><em>ΙΙΙ</em></strong></span> <span class='ocrx_word' id='word_1_134' title='bbox 1243 1947 1255 1960; x_wconf 94' lang='grc'><strong>.</strong></span> <span class='ocrx_word' id='word_1_135' title='bbox 1296 1903 1404 1982; x_wconf 83' lang='lat' dir='ltr'><strong><em>Qui</em></strong></span> <span class='ocrx_word' id='word_1_136' title='bbox 1432 1905 1603 1978; x_wconf 78' lang='lat' dir='ltr'><strong><em>stylus</em></strong></span> <span class='ocrx_word' id='word_1_137' title='bbox 1623 1944 1643 1974; x_wconf 92' lang='lat'><strong><em>‚</em></strong></span> <span class='ocrx_word' id='word_1_138' title='bbox 1674 1909 1769 1986; x_wconf 77' lang='lat' dir='ltr'><strong><em>qui</em></strong></span> <span class='ocrx_word' id='word_1_139' title='bbox 1788 1925 1915 1964; x_wconf 81' lang='lat' dir='ltr'><strong><em>mo-</em></strong></span> 
     </span>
     <span class='ocr_line' id='line_1_22' title="bbox 323 1983 1917 2066; baseline -0.002 -19"><span class='ocrx_word' id='word_1_140' title='bbox 323 1989 426 2048; x_wconf 74' lang='lat' dir='ltr'><strong><em>dus</em></strong></span> <span class='ocrx_word' id='word_1_141' title='bbox 455 2027 474 2058; x_wconf 90' lang='lat'><strong>,</strong></span> <span class='ocrx_word' id='word_1_142' title='bbox 507 2007 621 2066; x_wconf 78' lang='lat' dir='ltr'><strong><em>quoe</em></strong></span> <span class='ocrx_word' id='word_1_143' title='bbox 633 1988 832 2066; x_wconf 76' lang='lat' dir='ltr'><strong><em>figura</em></strong></span> <span class='ocrx_word' id='word_1_144' title='bbox 865 1983 1119 2044; x_wconf 78' lang='lat' dir='ltr'><strong><em>Exordio</em></strong></span> <span class='ocrx_word' id='word_1_145' title='bbox 1148 1986 1565 2045; x_wconf 82' lang='lat' dir='ltr'><strong><em>conveniant.-</em></strong></span> <span class='ocrx_word' id='word_1_146' title='bbox 1598 1985 1729 2062; x_wconf 81' lang='lat' dir='ltr'><strong><em>Quae</em></strong></span> <span class='ocrx_word' id='word_1_147' title='bbox 1766 2007 1917 2065; x_wconf 75' lang='lat' dir='ltr'><strong><em>pra-</em></strong></span> 
     </span>
     <span class='ocr_line' id='line_1_23' title="bbox 326 2063 1917 2146; baseline 0.001 -20"><span class='ocrx_word' id='word_1_148' title='bbox 326 2070 484 2144; x_wconf 79' lang='lat' dir='ltr'><strong><em>cipua</em></strong></span> <span class='ocrx_word' id='word_1_149' title='bbox 519 2067 634 2144; x_wconf 79' lang='lat' dir='ltr'><strong><em>ejus</em></strong></span> <span class='ocrx_word' id='word_1_150' title='bbox 655 2067 820 2124; x_wconf 81' lang='lat' dir='ltr'><strong><em>vitia.</em></strong></span> <span class='ocrx_word' id='word_1_151' title='bbox 854 2063 968 2124; x_wconf 89' lang='lat' dir='ltr'><strong><em>IX.</em></strong></span> <span class='ocrx_word' id='word_1_152' title='bbox 991 2063 1247 2124; x_wconf 82' lang='lat' dir='ltr'><strong><em>Exordio</em></strong></span> <span class='ocrx_word' id='word_1_153' title='bbox 1270 2087 1373 2124; x_wconf 89' lang='lat' dir='ltr'><strong><em>non</em></strong></span> <span class='ocrx_word' id='word_1_154' title='bbox 1392 2087 1599 2146; x_wconf 82' lang='lat' dir='ltr'><strong><em>semper</em></strong></span> <span class='ocrx_word' id='word_1_155' title='bbox 1626 2063 1773 2124; x_wconf 74' lang='lat' dir='ltr'><strong><em>locus</em></strong></span> <span class='ocrx_word' id='word_1_156' title='bbox 1793 2088 1819 2140; x_wconf 90' lang='lat'><em>;</em></span> <span class='ocrx_word' id='word_1_157' title='bbox 1853 2080 1917 2128; x_wconf 80' lang='lat' dir='ltr'><strong><em>et</em></strong></span> 
     </span>
     <span class='ocr_line' id='line_1_24' title="bbox 322 2142 1914 2223; baseline -0.001 -15"><span class='ocrx_word' id='word_1_158' title='bbox 322 2143 569 2208; x_wconf 78' lang='lat' dir='ltr'><strong><em>Exordii</em></strong></span> <span class='ocrx_word' id='word_1_159' title='bbox 591 2147 678 2203; x_wconf 80' lang='lat' dir='ltr'><strong><em>vis</em></strong></span> <span class='ocrx_word' id='word_1_160' title='bbox 703 2147 760 2206; x_wconf 89' lang='lat' dir='ltr'><strong><em>in</em></strong></span> <span class='ocrx_word' id='word_1_161' title='bbox 791 2142 920 2203; x_wconf 80' lang='lat' dir='ltr'><strong><em>aliis</em></strong></span> <span class='ocrx_word' id='word_1_162' title='bbox 947 2144 1216 2223; x_wconf 79' lang='lat' dir='ltr'><strong><em>partibus.</em></strong></span> <span class='ocrx_word' id='word_1_163' title='bbox 1252 2142 1334 2204; x_wconf 86' lang='lat' dir='ltr'><strong><em>X.</em></strong></span> <span class='ocrx_word' id='word_1_164' title='bbox 1364 2143 1460 2208; x_wconf 88' lang='lat' dir='ltr'><strong><em>De</em></strong></span> <span class='ocrx_word' id='word_1_165' title='bbox 1491 2147 1807 2208; x_wconf 80' lang='lat' dir='ltr'><strong><em>transitione</em></strong></span> <span class='ocrx_word' id='word_1_166' title='bbox 1830 2146 1914 2207; x_wconf 81' lang='lat' dir='ltr'><strong><em>ab</em></strong></span> 
     </span>
     <span class='ocr_line' id='line_1_25' title="bbox 323 2223 1271 2305; baseline -0.003 -18"><span class='ocrx_word' id='word_1_167' title='bbox 323 2223 581 2287; x_wconf 79' lang='lat' dir='ltr'><strong><em>Exordio</em></strong></span> <span class='ocrx_word' id='word_1_168' title='bbox 608 2227 684 2284; x_wconf 92' lang='lat' dir='ltr'><strong><em>ad</em></strong></span> <span class='ocrx_word' id='word_1_169' title='bbox 703 2232 918 2303; x_wconf 82' lang='lat' dir='ltr'><strong><em>partem</em></strong></span> <span class='ocrx_word' id='word_1_170' title='bbox 940 2237 1271 2305; x_wconf 81' lang='lat' dir='ltr'><strong><em>sequentem.</em></strong></span> 
     </span>
    </p>
   </div>
   <div class='ocr_carea' id='block_1_8' title="bbox 327 2371 1920 3223">
    <p class='ocr_par' dir='ltr' id='par_1_8' title="bbox 329 2371 1920 3140">
     <span class='ocr_line' id='line_1_26' title="bbox 330 2371 1915 2500; baseline 0.001 -28"><span class='ocrx_word' id='word_1_171' title='bbox 330 2410 382 2475; x_wconf 93' lang='grc' dir='ltr'><strong><em>Ῑ.</em></strong></span> <span class='ocrx_word' id='word_1_172' title='bbox 410 2371 659 2500; x_wconf 77' lang='lat' dir='ltr'><strong><em>Onon</em></strong></span> <span class='ocrx_word' id='word_1_173' title='bbox 703 2407 803 2487; x_wconf 86' lang='lat'><strong><em>(1)</em></strong></span> <span class='ocrx_word' id='word_1_174' title='bbox 833 2405 1229 2494; x_wconf 84' lang='lat' dir='ltr'><strong><em>principium</em></strong></span> <span class='ocrx_word' id='word_1_175' title='bbox 1266 2402 1477 2474; x_wconf 80' lang='lat' dir='ltr'><strong><em>latine</em></strong></span> <span class='ocrx_word' id='word_1_176' title='bbox 1502 2405 1661 2491; x_wconf 58' lang='lat' dir='ltr'><strong><em>,vel</em></strong></span> <span class='ocrx_word' id='word_1_177' title='bbox 1690 2431 1915 2478; x_wconf 72' lang='lat' dir='ltr'><strong><em>exor-</em></strong></span> 
     </span>
     <span class='ocr_line' id='line_1_27' title="bbox 329 2493 1915 2588; baseline 0.003 -22"><span class='ocrx_word' id='word_1_178' title='bbox 329 2496 513 2566; x_wconf 86' lang='lat' dir='ltr'><strong><em>dium</em></strong></span> <span class='ocrx_word' id='word_1_179' title='bbox 529 2493 801 2578; x_wconf 79' lang='lat' dir='ltr'><strong><em>dicitur,</em></strong></span> <span class='ocrx_word' id='word_1_180' title='bbox 823 2498 1076 2584; x_wconf 82' lang='lat' dir='ltr'><strong><em>majore</em></strong></span> <span class='ocrx_word' id='word_1_181' title='bbox 1095 2495 1384 2588; x_wconf 77' lang='lat' dir='ltr'><strong><em>quadam</em></strong></span> <span class='ocrx_word' id='word_1_182' title='bbox 1400 2498 1663 2568; x_wconf 71' lang='lat' dir='ltr'><strong><em>ratione</em></strong></span> <span class='ocrx_word' id='word_1_183' title='bbox 1688 2497 1915 2571; x_wconf 81' lang='lat' dir='ltr'><strong><em>Graeci</em></strong></span> 
     </span>
     <span class='ocr_line' id='line_1_28' title="bbox 330 2585 1918 2682; baseline 0 -23"><span class='ocrx_word' id='word_1_184' title='bbox 330 2585 655 2660; x_wconf 83' lang='lat' dir='ltr'><strong><em>videntur</em></strong></span> <span class='ocrx_word' id='word_1_185' title='bbox 695 2601 952 2679; x_wconf 59' lang='grc' dir='ltr'><strong><em>η-οοίμιοι</em></strong></span> <span class='ocrx_word' id='word_1_186' title='bbox 987 2588 1373 2658; x_wconf 83' lang='lat' dir='ltr'><strong><em>nominasse</em></strong></span> <span class='ocrx_word' id='word_1_187' title='bbox 1416 2615 1431 2657; x_wconf 72' lang='grc' dir='ltr'><strong><em>ε</em></strong></span> <span class='ocrx_word' id='word_1_188' title='bbox 1476 2591 1636 2682; x_wconf 78' lang='lat' dir='ltr'><strong><em>quia</em></strong></span> <span class='ocrx_word' id='word_1_189' title='bbox 1676 2616 1713 2659; x_wconf 82' lang='lat' dir='ltr'><strong>a</strong></span> <span class='ocrx_word' id='word_1_190' title='bbox 1754 2615 1918 2658; x_wconf 87' lang='lat' dir='ltr'><strong><em>nos-</em></strong></span> 
     </span>
     <span class='ocr_line' id='line_1_29' title="bbox 329 2675 1917 2771; baseline 0.001 -23"><span class='ocrx_word' id='word_1_191' title='bbox 329 2679 456 2748; x_wconf 74' lang='lat' dir='ltr'><strong><em>iris</em></strong></span> <span class='ocrx_word' id='word_1_192' title='bbox 488 2675 764 2750; x_wconf 85' lang='lat' dir='ltr'><strong><em>initium</em></strong></span> <span class='ocrx_word' id='word_1_193' title='bbox 815 2679 1018 2750; x_wconf 91' lang='lat' dir='ltr'><strong><em>modo</em></strong></span> <span class='ocrx_word' id='word_1_194' title='bbox 1070 2676 1536 2771; x_wconf 82' lang='lat' dir='ltr'><strong><em>significatur,</em></strong></span> <span class='ocrx_word' id='word_1_195' title='bbox 1595 2679 1695 2750; x_wconf 82' lang='lat' dir='ltr'><strong><em>ini</em></strong></span> <span class='ocrx_word' id='word_1_196' title='bbox 1740 2681 1917 2750; x_wconf 77' lang='lat' dir='ltr'><strong><em>satis</em></strong></span> 
     </span>
     <span class='ocr_line' id='line_1_30' title="bbox 332 2769 1917 2866; baseline 0.001 -26"><span class='ocrx_word' id='word_1_197' title='bbox 332 2769 513 2840; x_wconf 84' lang='lat' dir='ltr'><strong><em>clare</em></strong></span> <span class='ocrx_word' id='word_1_198' title='bbox 570 2783 829 2860; x_wconf 80' lang='lat' dir='ltr'><strong><em>partem</em></strong></span> <span class='ocrx_word' id='word_1_199' title='bbox 873 2770 1050 2841; x_wconf 81' lang='lat' dir='ltr'><strong><em>hanc</em></strong></span> <span class='ocrx_word' id='word_1_200' title='bbox 1088 2775 1259 2838; x_wconf 77' lang='lat' dir='ltr'><strong><em>esse&#39;</em></strong></span> <span class='ocrx_word' id='word_1_201' title='bbox 1306 2783 1464 2840; x_wconf 74' lang='lat' dir='ltr'><strong><em>ante</em></strong></span> <span class='ocrx_word' id='word_1_202' title='bbox 1521 2772 1917 2866; x_wconf 83' lang='lat' dir='ltr'><strong><em>ingressum</em></strong></span> 
     </span>
     <span class='ocr_line' id='line_1_31' title="bbox 332 2859 1919 2954; baseline 0.001 -23"><span class='ocrx_word' id='word_1_203' title='bbox 332 2861 473 2946; x_wconf 80' lang='lat' dir='ltr'><strong><em>rei,</em></strong></span> <span class='ocrx_word' id='word_1_204' title='bbox 507 2859 590 2930; x_wconf 85' lang='lat' dir='ltr'><strong><em>de</em></strong></span> <span class='ocrx_word' id='word_1_205' title='bbox 613 2887 743 2954; x_wconf 86' lang='lat' dir='ltr'><strong><em>qua</em></strong></span> <span class='ocrx_word' id='word_1_206' title='bbox 779 2861 1147 2933; x_wconf 85' lang='lat' dir='ltr'><strong><em>dicendum</em></strong></span> <span class='ocrx_word' id='word_1_207' title='bbox 1175 2861 1297 2944; x_wconf 81' lang='lat' dir='ltr'><strong><em>sit,</em></strong></span> <span class='ocrx_word' id='word_1_208' title='bbox 1324 2863 1919 2934; x_wconf 82' lang='lat' dir='ltr'><strong><em>ostendunt.Nam</em></strong></span> 
     </span>
     <span class='ocr_line' id='line_1_32' title="bbox 332 2951 1920 3058; baseline 0.001 -36"><span class='ocrx_word' id='word_1_209' title='bbox 332 2951 475 3022; x_wconf 83' lang='lat' dir='ltr'><strong><em>sive</em></strong></span> <span class='ocrx_word' id='word_1_210' title='bbox 530 2967 926 3058; x_wconf 73' lang='lat' dir='ltr'><strong><em>propterea,</em></strong></span> <span class='ocrx_word' id='word_1_211' title='bbox 1023 2953 1159 3022; x_wconf 91' lang='lat' dir='ltr'><strong><em>uod</em></strong></span> <span class='ocrx_word' id='word_1_212' title='bbox 1200 2953 1325 3036; x_wconf 54' lang='grc' dir='ltr'><strong><em>οἴμᾴ</em></strong></span> <span class='ocrx_word' id='word_1_213' title='bbox 1363 2966 1596 3024; x_wconf 78' lang='lat' dir='ltr'><strong><em>cantus</em></strong></span> <span class='ocrx_word' id='word_1_214' title='bbox 1650 2969 1789 3040; x_wconf 80' lang='lat' dir='ltr'><strong><em>est,</em></strong></span> <span class='ocrx_word' id='word_1_215' title='bbox 1838 2967 1920 3024; x_wconf 85' lang='lat' dir='ltr'><strong><em>et</em></strong></span> 
     </span>
     <span class='ocr_line' id='line_1_33' title="bbox 335 3041 1919 3140; baseline 0.001 -28"><span class='ocrx_word' id='word_1_216' title='bbox 335 3041 686 3114; x_wconf 70' lang='lat' dir='ltr'><strong><em>citharoedi</em></strong></span> <span class='ocrx_word' id='word_1_217' title='bbox 727 3069 938 3136; x_wconf 83' lang='lat' dir='ltr'>pauca</span> <span class='ocrx_word' id='word_1_218' title='bbox 966 3044 986 3112; x_wconf 92' lang='lat' dir='ltr'><strong><em>i</em></strong></span> <span class='ocrx_word' id='word_1_219' title='bbox 1022 3043 1084 3113; x_wconf 86' lang='lat' dir='ltr'><strong><em>la</em></strong></span> <span class='ocrx_word' id='word_1_220' title='bbox 1104 3097 1123 3129; x_wconf 92' lang='lat'>‚</span> <span class='ocrx_word' id='word_1_221' title='bbox 1148 3073 1294 3139; x_wconf 82' lang='lat' dir='ltr'><strong><em>quae</em></strong></span> <span class='ocrx_word' id='word_1_222' title='bbox 1314 3099 1333 3132; x_wconf 86' lang='lat'><strong>,</strong></span> <span class='ocrx_word' id='word_1_223' title='bbox 1360 3059 1722 3139; x_wconf 81' lang='lat' dir='ltr'><strong><em>antequam</em></strong></span> <span class='ocrx_word' id='word_1_224' title='bbox 1746 3045 1919 3140; x_wconf 75' lang='lat' dir='ltr'><strong><em>legi-</em></strong></span> 
     </span>
    </p>

    <p class='ocr_par' dir='ltr' id='par_1_9' title="bbox 327 3131 1915 3223">
     <span class='ocr_line' id='line_1_34' title="bbox 327 3131 1915 3223; baseline 0.004 -21"><span class='ocrx_word' id='word_1_225' title='bbox 327 3131 574 3204; x_wconf 75' lang='lat' dir='ltr'><strong><em>timum</em></strong></span> <span class='ocrx_word' id='word_1_226' title='bbox 600 3148 940 3205; x_wconf 81' lang='lat' dir='ltr'><strong><em>certamen</em></strong></span> <span class='ocrx_word' id='word_1_227' title='bbox 969 3132 1318 3223; x_wconf 76' lang='lat' dir='ltr'><strong><em>inchoent,</em></strong></span> <span class='ocrx_word' id='word_1_228' title='bbox 1340 3137 1686 3208; x_wconf 85' lang='lat' dir='ltr'><strong><em>emerendi</em></strong></span> <span class='ocrx_word' id='word_1_229' title='bbox 1716 3138 1915 3208; x_wconf 86' lang='lat' dir='ltr'><strong><em>favo-</em></strong></span> 
     </span>
    </p>
   </div>
   <div class='ocr_carea' id='block_1_9' title="bbox 330 3290 1913 3432">
    <p class='ocr_par' dir='ltr' id='par_1_10' title="bbox 330 3290 1913 3432">
     <span class='ocr_line' id='line_1_35' title="bbox 403 3290 1913 3360; baseline 0.007 -22"><span class='ocrx_word' id='word_1_230' title='bbox 403 3290 458 3356; x_wconf 81' lang='grc' dir='ltr'><strong><em>(ι</em></strong></span> <span class='ocrx_word' id='word_1_231' title='bbox 481 3291 502 3354; x_wconf 96' lang='grc'>)</span> <span class='ocrx_word' id='word_1_232' title='bbox 535 3291 612 3340; x_wconf 86' lang='lat' dir='ltr'><strong><em>De</em></strong></span> <span class='ocrx_word' id='word_1_233' title='bbox 637 3293 857 3343; x_wconf 60' lang='lat' dir='ltr'><strong><em>Exordio</em></strong></span> <span class='ocrx_word' id='word_1_234' title='bbox 877 3293 994 3346; x_wconf 71' lang='lat' dir='ltr'><strong><em>vide</em></strong></span> <span class='ocrx_word' id='word_1_235' title='bbox 1011 3294 1305 3346; x_wconf 82' lang='lat' dir='ltr'><strong><em>Ciceronem</em></strong></span> <span class='ocrx_word' id='word_1_236' title='bbox 1325 3334 1341 3360; x_wconf 93' lang='lat'>‚</span> <span class='ocrx_word' id='word_1_237' title='bbox 1368 3315 1412 3347; x_wconf 86' lang='grc' dir='ltr'><strong><em>ι.</em></strong></span> <span class='ocrx_word' id='word_1_238' title='bbox 1436 3295 1578 3350; x_wconf 77' lang='lat' dir='ltr'><strong><em>Rhet.</em></strong></span> <span class='ocrx_word' id='word_1_239' title='bbox 1606 3296 1658 3346; x_wconf 83' lang='grc'><strong><em>6.</em></strong></span> <span class='ocrx_word' id='word_1_240' title='bbox 1676 3325 1739 3336; x_wconf 92' lang='lat'><em>-</em></span> <span class='ocrx_word' id='word_1_241' title='bbox 1772 3315 1788 3346; x_wconf 81' lang='grc' dir='ltr'><strong>ι</strong></span> <span class='ocrx_word' id='word_1_242' title='bbox 1805 3315 1849 3347; x_wconf 83' lang='grc' dir='ltr'><strong><em>ι.</em></strong></span> <span class='ocrx_word' id='word_1_243' title='bbox 1866 3298 1913 3349; x_wconf 76' lang='lat' dir='ltr'><strong><em>l.</em></strong></span> 
     </span>
     <span class='ocr_line' id='line_1_36' title="bbox 330 3353 1912 3432; baseline 0.008 -27"><span class='ocrx_word' id='word_1_244' title='bbox 330 3365 386 3424; x_wconf 53' lang='grc' dir='ltr'><strong><em>ξ.</em></strong></span> <span class='ocrx_word' id='word_1_245' title='bbox 411 3353 476 3410; x_wconf 75' lang='lat' dir='ltr'><strong><em>do</em></strong></span> <span class='ocrx_word' id='word_1_246' title='bbox 495 3357 783 3421; x_wconf 59' lang='lat' dir='ltr'><strong><em>nmatione</em></strong></span> <span class='ocrx_word' id='word_1_247' title='bbox 795 3396 814 3428; x_wconf 84' lang='lat'>‚</span> <span class='ocrx_word' id='word_1_248' title='bbox 833 3377 916 3417; x_wconf 74' lang='lat' dir='ltr'><strong><em>ao.</em></strong></span> <span class='ocrx_word' id='word_1_249' title='bbox 929 3388 998 3402; x_wconf 89' lang='lat'><em>-</em></span> <span class='ocrx_word' id='word_1_250' title='bbox 1009 3361 1095 3422; x_wconf 76' lang='lat'><strong><em>26.</em></strong></span> <span class='ocrx_word' id='word_1_251' title='bbox 1108 3363 1144 3414; x_wconf 82' lang='grc' dir='ltr'><strong><em>Ι.</em></strong></span> <span class='ocrx_word' id='word_1_252' title='bbox 1170 3379 1221 3420; x_wconf 69' lang='lat' dir='ltr'><strong><em>a·</em></strong></span> <span class='ocrx_word' id='word_1_253' title='bbox 1234 3361 1297 3416; x_wconf 79' lang='lat' dir='ltr'><strong><em>de</em></strong></span> <span class='ocrx_word' id='word_1_254' title='bbox 1314 3363 1517 3420; x_wconf 63' lang='lat' dir='ltr'><strong><em>Oratore</em></strong></span> <span class='ocrx_word' id='word_1_255' title='bbox 1534 3402 1551 3432; x_wconf 85' lang='lat'>‚</span> <span class='ocrx_word' id='word_1_256' title='bbox 1566 3362 1685 3420; x_wconf 77' lang='lat'><strong><em>315.</em></strong></span> <span class='ocrx_word' id='word_1_257' title='bbox 1702 3389 1768 3406; x_wconf 83' lang='lat'><strong><em>--</em></strong></span> <span class='ocrx_word' id='word_1_258' title='bbox 1784 3362 1912 3418; x_wconf 76' lang='lat'><strong><em>325.</em></strong></span> 
     </span>
    </p>
   </div>
   <div class='ocr_carea' id='block_1_10' title="bbox 2150 933 2164 1772">
    <p class='ocr_par' dir='ltr' id='par_1_11' title="bbox 2150 933 2164 1772">
     <span class='ocr_line' id='line_1_37' title="bbox 2150 933 2164 1772; baseline 0 0"><span class='ocrx_word' id='word_1_259' title='bbox 2150 933 2164 1772; x_wconf 95' lang='lat' dir='ltr'><strong><em> </em></strong></span> 
     </span>
    </p>
   </div>
   <div class='ocr_carea' id='block_1_11' title="bbox 2151 933 2166 1970">
    <p class='ocr_par' dir='ltr' id='par_1_12' title="bbox 2151 933 2166 1970">
     <span class='ocr_line' id='line_1_38' title="bbox 2151 933 2166 1970; baseline 0 0"><span class='ocrx_word' id='word_1_260' title='bbox 2151 933 2166 1970; x_wconf 95' lang='lat' dir='ltr'><strong><em> </em></strong></span> 
     </span>
    </p>
   </div>
  </div>
 </body>
</html>
