2175 3809
498 458 919 546 MARCI
1008 409 1372 544 FABII

212 615 1670 850 QUINTILIANI

867 947 979 993 DE

297 1040 1573 1237 INST‘ITUfrloNE
1661 1065 1731 1078 ”

686 1257 1190 1423 ORATORtA
1725 1333 1734 1343 ’

504 1642 511 1654 ,
612 1547 1051 1636 LIBER
1119 1547 1256 1632 11.

703 1860 893 1926 CAP
906 1861 973 1926 U
990 1861 1057 1925 T
1104 1859 1160 1924 l.

250 2012 565 2118 ‘Quando
615 2001 869 2086 rhetori
899 2018 991 2086 sit
1030 1981 1398 2090 tradcndzrs
1433 2019 1618 2108 publ·-

173 2180 507 2294 meu·
530 2222 988 2310 consuetudo2.
1012 2249 1160 2318 quae
1179 2221 1492 2317 quotidie
1517 2223 1736 2316 magis

170 2314 548 2399 invalescit,
592 2326 669 2383 ut
698 2315 1238 2408 praeceptoribus
1287 2315 1734 2406 eloquentiae,

170 2405 383 2479 latinis
414 2404 695 2500 quidem
730 2431 1031 2500 semper,
1072 2406 1191 2476 sed
1223 2405 1428 2476 etiam
1463 2406 1736 2496 graecis,

176 2497 430 2568 interim
465 2495 787 2590 discipuli
826 2497 1043 2567 serius
1067 2550 1086 2582 ‚
1118 2521 1322 2591 quam
1371 2497 1546 2565 ratio
1579 2521 1738 2588 pos-

174 2588 328 2659 tulat
373 2642 392 2675 ‚
449 2588 911 2659 traderentur.
971 2593 1140 2679 Ejus
1183 2588 1280 2658 rei
1338 2587 1587 2681 duplex
1635 2600 1740 2658 est

176 2705 353 2751 causa
394 2705 417 2765 3
474 2679 664 2773 quod
730 2693 797 2749 et
858 2679 1168 2751 rhetores
1222 2679 1459 2774 utique
1513 2679 1734 2749 nostri

176 2797 310 2842 suas
324 2784 553 2866 partes
576 2770 956 2856 omiserunt
977 2825 995 2856 ‚
1032 2784 1101 2841 et
1126 2770 1548 2862 grammatici
1578 2768 1750 2838 alie-'

178 2887 281 2933 nas
293 2876 824 2956 occupaverunt.
844 2871 1019 2934 Nam
1032 2877 1100 2933 et
1120 2863 1220 2933 illi
1241 2870 1340 2949 (ι)
1359 2861 1738 2934 declamare

176 2955 362 3025 modo
392 2965 517 3041 ‚·et
551 2953 909 3026 scientiam
944 2954 1372 3026 declamandi
1405 2980 1482 3024 ac
1525 2949 1741 3020 facul-

178 3055 364 3116 tatem
399 3044 669 3117 tradere
697 3099 716 3132 ‚
762 3047 973 3119 officii
1005 3048 1110 3118 sui
1167 3047 1468 3131 ducunt,
1531 3041 1738 3135 idque

178 3134 339 3206 intra
411 3137 887 3210 deliberativas
958 3139 1456 3234 judicialesque
1527 3145 1740 3202 mate·-

178 3227 299 3298 rias
326 3255 349 3316 ;
376 3255 533 3302 nam
566 3244 807 3302 caetera
832 3285 851 3318 ‚
881 3243 958 3300 ut
988 3228 1408 3325 professione
1441 3251 1562 3296 sua
1599 3224 1762 3294 tui-⁸

234 3386 289 3457 (ι
312 3386 333 3458 )
355 3387 521 3442 Pictas
550 3405 719 3441 causas
746 3387 1011 3442 exercendi
1036 3386 1190 3456 gratia
1223 3402 1365 3454 agere
1391 3423 1407 3454 ‚
1445 3381 1634 3444 Mosa,
