2175 3809
1975 95 1989 131 (

444 224 535 301 4ο
636 288 641 294 ‚
868 207 1068 280 ‘Lun
1109 215 1170 278 J.
1221 213 1434 280 cin.-
1460 213 1546 278 V.

444 327 589 394 quae
620 326 1063 395 proposuere,
1086 301 1511 372 confirment.
1537 305 1792 372 Verum
1825 299 2019 394 prio-

444 419 521 462 ra
564 393 680 462 illa
730 393 1108 486 ad.pue1·os
1153 397 1366 485 magis
1396 445 1415 477 ,
1463 391 1602 462 haec
1657 395 2018 486 sequentia

443 483 533 554 ad
564 485 981 573 robustiores
1028 485 1518 578 pertinebu11t3
1573 510 1725 552 cum
1765 510 2018 574 gram-

440 573 710 646 matices
734 602 961 659 amor,
993 589 1061 644 et
1082 601 1242 644 usus
1277 569 1619 656 lectionis,
1649 600 1790 645 non
1819 575 2016 644 scho-

436 663 662 738 larum
697 666 1142 760 temporibus»,
1174 665 1292 737 sed
1321 665 1473 737 vitae
1507 666 1725 758 spatio
1761 665 2018 736 termi-

440 771 715 836 nentur.
1787 791 1794 796 ·

533 854 607 916 In
646 847 1073 942 praelegendo
1105 847 1582 940 grammaticus
1617 861 1685 916 et
1716 846 1833 917 illa
1865 845 2018 940 qui-

440 936 595 1008 dem
636 940 901 1010 minora
993 955 1255 1010 raestare
1294 938 1604 1026 debebit,
1661 951 1735 1008 ut
1783 950 2015 1031 partes

440 1030 772 1103 orationis
817 1030 937 1101 red
990 1029 1172 1101 isibi
1207 1031 1429 1100 soluto
1490 1056 1689 1100 versu
1735 1029 2016 1102 deside-

438 1133 543 1189 ret
577 1174 595 1207 ,
628 1135 697 1192 et
724 1123 973 1214 pedum
1007 1123 1476 1214 proprietates,
1511 1148 1655 1215 quae
1687 1117 1870 1192 adeo¹
1891 1121 2015 1190 de-

436 1209 605 1288 bent
634 1239 777 1286 esse
812 1228 985 1284 notae
1034 1214 1107 1284 in
1141 1211 1556 1284 carminibus
1593 1264 1616 1296 ,
1673 1226 1747 1281 ut
1802 1213 2013 1282 etiam

434 1302 511 1372 in
568 1305 869 1379 oratoria
924 1305 1419 1398 compositione
1467 1303 1945 1378 desiderentur
1981 1327 2008 1388 ;

412 1387 1039 1487 -deprehendatque
1085 1423 1229 1487 quae
1275 1393 1564 1465 barbara
1609 1448 1628 1480 ,
1679 1421 1822 1487 quae
1863 1395 2011 1464 im·-

436 1487 716 1576 propria
752 1537 773 1570 ,
848 1513 992 1578 quae
1072 1499 1311 1556 contra
1389 1485 1606 1576 legem
1675 1484 2010 1590 loquendi

442 1575 817 1667 composita
856 1604 869 1644 :
909 1601 1048 1646 non
1093 1589 1165 1645 ut
1215 1602 1294 1646 ex
1341 1575 1448 1645 his
1482 1577 1717 1667 utique
1756 1603 2013 1668 impro-

434 1663 690 1736 bentur
731 1673 1003 1759 poetae(
1046 1667 1334 1761 quibus,
1388 1667 1546 1760 quia
1595 1667 2007 1771 plerumque

434 1769 653 1827 metro
686 1759 936 1828 servire
965 1772 1303 1851 coguntur
1335 1812 1354 1844 ,
1391 1757 1560 1829 adeo
1595 1758 2008 1850 ignoscitur,

433 1861 511 1917 ut
542 1848 707 1918 vitia
742 1849 887 1955 ipsa
908 1850 1059 1920 aliis
1086 1852 1158 1921 in
1193 1849 1491 1934 carmine
1527 1844 2010 1942 appellationi-⁶

428 1937 559 2009 bus
600 1955 1045 2014 nominentur
1076 1967 1099 2027 3
1145 1941 1604 2034 metaplasmos
1645 1940 1828 2010 enim
1877 1995 1897 2026 ,
1935 1955 2005 2016 et

429 2031 949 2114 schematismm,
987 2045 1054 2101 et
1076 2034 1449 2117 schemata,
1483 2046 1558 2101 ut
1581 2031 1718 2102 dixi
1743 2084 1765 2116 ,
1803 2059 2036 2128 voca-=

429 2147 620 2205 mur„
664 2135 733 2191 et
766 2121 1037 2190 laudem
1068 2121 1362 2210 ,virtutis
1423 2123 1836 2210 necessitati·
1870 2123 2004 2194 da·-

430 2221 661 2297 mus),
692 2213 809 2282 sed
835 2225 1352 2284 utcommoneat
1379 2222 1479 2301 (1)
1505 2214 1969 2286 artificialium
1987 2269 2008 2304 ,

398 2385 403 2392 ‚
426 2315 496 2372 et
518 2304 911 2375 memoriam
930 2305 1162 2397 agitet.
1187 2305 1264 2375 Id
1292 2333 1564 2399 quoque
1586 2309 2003 2398 interprima

426 2393 815 2464 rudimenta
846 2422 985 2465 non
1019 2397 1264 2469 inutile
1287 2452 1306 2481 ,
1343 2398 1804 2468 demonstrare
1833 2411 2004 2503 quot

426 2510 704 2578 quaeque
721 2487 922 2556 verba
936 2488 1155 2559 modis
1169 2489 1616 2582 intelligenda
1633 2489 1790 2559 sint.
1803 2495 2008 2588 Circa⁴

414 2573 820 2667 glossemata
838 2581 1041 2650 etiam
1064 2634 1079 2662 ,
1118 2580 1186 2649 id
1207 2594 1304 2650 est
1327 2606 1522 2650 voces
1543 2583 1766 2650 minus
1794 2581 2007 2652 usita-

420 2679 560 2752 tas»,
590 2695 727 2738 non
754 2669 1148 2760 ultimaejus
1172 2671 1610 2765 professionis
1636 2673 2004 2765 diligentia

424 2772 547 2829 est.
576 2760 941 2832 Enimvero
968 2767 1224 2851 majore
1251 2790 1411 2832 cura
1437 2768 1569 2851 jam
1596 2763 1836 2834 doceat
1865 2776 2003 2836 tro·

412 2877 540 2941 pos
570 2878 803 2942 omnes
836 2906 855 2936 ,
886 2854 1136 2947 quibus
1179 2856 1518 2947 praecipue
1553 2881 1694 2926 non
1747 2865 1996 2947 poema

419 2943 660 3028 mode,
694 2943 809 3014 sed
845 2947 1049 3014 etiam
1083 2948 1305 3016 oratio
1331 2959 1661 3036 ornatur3
1699 2947 2001 3018 schema-

414 3045 491 3102 ta
513 3048 795 3127 utraque
823 3034 892 3105 id
915 3049 1014 3106 est
1028 3035 1320 3129 figuras,
1345 3065 1624 3131 quaeque
1650 3044 1755 3128 (2)
1777 3060 1956 3129 λεῖεσε
1973 3097 1995 3129 ,

488 3157 543 3223 (ι
563 3157 585 3225 )
612 3161 682 3208 Ut
716 3173 1025 3210 commoneat
1047 3163 1304 3212 verborum
1325 3199 1340 3227 ‚
1363 3179 1471 3230 quae
1495 3177 1609 3215 sunt
1644 3166 1760 3216 artis
1787 3167 1996 3234 poetica

416 3223 642 3290 propria,
658 3239 705 3275 et
723 3226 917 3276 refricet
932 3229 1224 3278 memoriam
1249 3230 1368 3280 forte
1389 3231 1656 3284 earundem
1671 3250 1852 3286 vocum
1871 3231 2000 3290 alfii

416 3303 767 3354 usurpamrutn.
786 3293 949 3342 Locus
969 3292 1057 3341 hic
1079 3292 1210 3342 mihi
1229 3307 1477 3370 sus-pectus
1501 3307 1587 3351 est.

430 3385 443 3414 g
486 3353 592 3422 (α)
630 3355 694 3411 ld
708 3353 1061 3425 est‘xetbbrum
1086 3372 1136 3416 et
1155 3372 1524 3430 semem-latum
1617 3383 1624 3388 ·
