2175 3809
283 296 290 305 ·
351 258 490 344 304
717 265 900 329 Lm.
947 266 1034 351 V.
1081 260 1561 355 Caua-XIII(

353 352 588 425 Palam
619 351 822 419 etiam
859 355 1200 421 contraria
1224 407 1243 438 ‚
1270 368 1339 423 et
1368 380 1785 447 supervacua
1812 407 1831 435 ,
1849 353 1932 447 ,οἱ

357 442 564 511 stulta
622 441 1120 533 reprehendere
1156 497 1177 528 ‚
1232 445 1490 514 nullius
1548 458 1650 515 est
1710 446 1927 528 artis3

297 580 302 587 ·
357 531 652 622 ideoque
705 558 832 601 nec
874 534 1173 603 rationes
1222 561 1497 619 eorum,
1540 562 1667 605 nec
1716 561 1934 613 exem-

356 622 473 715 pla
517 622 786 691 tradere
821 648 1093 693 necesse
1140 638 1261 694 est.
1306 627 1381 695 Id
1422 652 1690 730 quoque
1730 626 1934 709 (obs-

286 794 296 805 ,
357 738 582 799 cutum
613 720 895 797 vocant)
927 714 1111 806 quod
1138 730 1429 800 secreto,
1460 730 1526 786 et
1546 743 1693 807 sine
1726 728 1932 815 teste,

361 817 482 873 aut
523 816 923 895 argumento
972 805 1227 895 dicitur
1272 807 1569 892 factum,
1616 807 1779 877 satis
1815 832 1937 875 na-

360 906 514 963 tura
541 920 660 962 sua
693 894 1040 963 infirmum
1073 898 1472 967 est.Sufficit
1496 898 1717 979 enim,
1745 896 1934 991 quod

359 984 788 1054 adversarius
831 1012 970 1054 non
1013 988 1278 1077 probat.
1322 994 1493 1057 Item
1518 1041 1535 1072 ‚
1568 989 1621 1057 si
1656 987 1745 1057 ad
1775 1013 1936 1067 cau-

359 1100 504 1173 sqm
539 1100 674 1144 non
710 1077 1028 1166 pertinet.
1062 1084 1183 1146 Est
1213 1092 1444 1147 tamen
1470 1079 1745 1148 interim
1770 1104 1937 1157 ›ora-

361 1166 534 1235 toris
563 1167 856 1247 efficere,
886 1180 963 1235 ut
991 1168 1161 1259 quid
1184 1182 1303 1238 aut
1322 1170 1741 1241 contrarium
1768 1194 1937 1251 esse,

361 1270 483 1325 aut
515 1282 554 1325 a
578 1282 782 1326 causa
809 1256 1150 1329 diversum
1168 1312 1187 1342 ‚
1208 1272 1327 1329 aut
1346 1258 1751 1329 incredibile
1776 1311 1795 1342 ,
1820 1272 1937 1351 aut

363 1373 859 1438 supervacuum
899 1400 919 1433 ‚
978 1363 1098 1417 aut
1158 1366 1402 1421 nostrae
1450 1351 1679 1441 potius
1724 1375 1939 1443 causa

368 1438 685 1509 videatur
725 1465 867 1507 esse
916 1444 1380 1526 conjunctum.
1416 1441 1764 1529 objicitur
1800 1446 1939 1531 Op-

364 1528 482 1619 pio
512 1579 529 1607 ‚
561 1527 747 1617 quod
779 1528 862 1596 de
897 1530 1192 1599 militum
1226 1532 1501 1601 cibariis
1529 1531 1933 1601 detraxerit:

299 1684 304 1689 ,
363 1641 681 1726 asperum
713 1619 966 1687 crimen
995 1647 1012 1686 ε
1045 1616 1611 1691 εεᾶεοῐιίτειτὶυῐη
1640 1622 1939 1697 ostendit

365 1713 629 1793 Clcero,
657 1709 817 1801 quia
853 1709 1059 1779 iidem
1088 1726 1513 1781 accusatores
1540 1712 1942 1800 objecerunt

367 1799 596 1891 Oppio
624 1851 642 1884 .,
693 1799 876 1892 quod
908 1800 990 1884 „is
1041 1802 1333 1873 voluerit
1388 1803 1742 1896 largiendo
1776 1828 1941 1873 cor-

370 1915 688 1981 rumpere
735 1892 1127 1961 exercitum.
1162 1900 1401 1963 Testes
1441 1894 1508 1961 in
1546 1893 1945 1965 Cornelium

367 1996 722 2055 accusator
774 1981 928 2051 lecti
969 2010 1006 2050 a
1054 1983 1333 2053 tribuno
1377 1983 1631 2053 codicis
1669 1985 1946 2075 pollice-

370 2081 488 2138 tur
515 2098 530 2139 :
575 2071 737 2140 facit
768 2072 900 2141 hoc
930 2073 1168 2141 Cicero
1204 2100 1694 2167 supervacuum
1726 2106 1745 2158 ‚·
1783 2075 1945 2167 quia

369 2159 554 2229 idem
602 2161 893 2230 fateatur
927 2163 1090 2253 ipse.
1122 2166 1303 2233 Petit
1338 2165 1843 2235 accusationem
1872 2164 1943 2235 in

369 2255 653 2321 Verrem
676 2258 774 2336 (1)
799 2252 1102 2339 Quintus
1126 2255 1467 2338 Caecilius,
1499 2255 1683 2346 quod
1723 2256 1945 2325 suerat

369 2354 664 2432 quaestor
703 2347 850 2430 ejus
896 2371 910 2410 :
947 2342 1167 2448 ipsum
1194 2352 1291 2432 (2)
1322 2347 1598 2430 Cicero,
1630 2359 1700 2415 ut
1724 2372 1849 2439 pro
1874 2372 1945 2417 se

371 2430 724 2503 videretur
750 2485 767 2509 ,
803 2435 1048 2503 effecit.

447 2527 564 2589 IV.
609 2530 862 2591 Caetera
888 2550 1034 2615 quae
1049 2540 1552 2617 proponuntur,
1584 2550 1948 2597 communes

373 2612 552 2681 locos
584 2612 862 2682 habent.
907 2620 1048 2683 Aut
1094 2620 1273 2685 enim
1318 2624 1693 2709 conjectura
1746 2644 1948 2687 excu-

371 2703 688 2791 tiuntur,
736 2730 820 2774 an
878 2732 1034 2776 vera
1075 2708 1261 2792 sint3
1317 2723 1432 2777 aut
1459 2711 1771 2797 finitione
1798 2762 1815 2791 ‚
1858 2734 1947 2797 ap

373 2794 650 2886 propria
677 2818 700 2879 3
728 2797 1197 2887 autiqualilale
1219 2851 1237 2881 ‚
1274 2825 1359 2868 an
1388 2800 1747 2869 inhonesta
1770 2853 1790 2882 ‚
1822 2798 1953 2869 ini-

375 2910 551 2975 qua,
603 2880 908 2976 improba
937 2940 956 2969 ,
1011 2887 1385 2959 inhumana
1415 2942 1433 2973 ,,
1476 2890 1779 2959 crudelia
1808 2943 1831 2975 ,
1884 2902 1953 2959 et

303 3036 308 3039 .
375 2988 614 3043 caetera
641 3030 660 3060 .,
686 3002 832 3067 quae
859 2978 918 3046 ei
949 2980 1180 3069 generi
1200 2978 1595 3051 accidunt...
1620 2988 1954 3059 Nonnun-

373 3090 577 3155 quam
602 3079 824 3135 tamen
855 3068 1159 3159 quaedam
1184 3069 1357 3140 bene
1392 3085 1949 3157 contemnuntur,

374 3154 484 3227 vel
529 3166 848 3247 tanquam
883 3158 1056 3229 levia
1080 3212 1100 3245 ‚
1152 3162 1257 3231 vel
1302 3175 1624 3257 tanquam
1654 3161 1745 3233 ad
1772 3188 1952 3233 cau-

442 3291 529 3355 (ο)
557 3308 576 3341 ι
590 3326 603 3340 .
623 3294 765 3345 Verr.
787 3294 868 3361 59.
885 3324 950 3336 -
963 3298 1050 3349 65.

445 3356 522 3421 (¹)
550 3358 750 3409 Mallem
773 3362 936 3428 legere
949 3401 968 3430 ,
989 3368 1148 3432 iesum
1175 3362 1285 3419 Ῑιοο.
