2175 3809
519 307 540 327 “
931 309 1543 387 Pnsstnoerm

468 327 818 492 {iecipuo
838 397 1229 471 studiorum
1256 394 1484 469 fructu
1517 395 1819 469 fraudari
1849 416 2022 506 puess

367 496 374 505 '
467 512 625 573 ros,
661 492 814 559 cum
862 489 935 560 in
987 491 1307 561 omnibus
1356 491 1497 561 fere
1558 491 1786 560 minus
1832 558 1843 567 ,
1890 514 2013 559 1·ae-

467 595 664 675 cepta
709 582 982 653 valeant
1032 586 1237 677 quam
1282 582 1787 675 experimenta3
1864 582 2013 652 ole-

386 738 393 747 .
465 672 719 767 batque
769 673 844 743 in
888 673 1095 744 rebus
1202 675 1417 746 lerum
1472 698 1555 743 ue
1616 672 1885 745 frivolis
1936 682 2021 742 et

467 763 792 835 inanibus
833 790 1111 859 operam
1147 700 1286 837 iilis
1332 779 1401 837 et
1460 765 1737 837 aborem
1786 764 2012 859 perdi.

465 855 599 926 Sed
627 910 646 943 ‚
691 867 768 926 ut
797 858 1005 951 vulgo
1037 857 1329 943 accidit,
1362 856 1679 953 quamvis
1706 857 1852 957 ipse
1880 856 2017 926 ali-

462 957 572 1017 ter
618 948 952 1037 sentiret,
991 948 1459 1021 corroboratae
1510 948 1721 1043 longo
1775 974 1900 1019 usu
1936 958 2015 1018 et

465 1039 649 1132 apud
685 1064 920 1111 omnes
949 1053 1239 1134 receptae
1268 1040 1756 1112 consuetudini
1790 1064 2015 1133 coge-
2088 1116 2099 1129 ⁸

462 1128 671 1202 hatur
694 1133 952 1205 invitus
987 1158 1068 1205 ac
1091 1132 1438 1204 reluctans
1470 1132 1661 1206 velut
1708 1132 2013 1203 torrenti

464 1221 730 1295 cedere.

552 1321 649 1386 At
699 1314 772 1387 in
815 1316 1012 1388 libris
1053 1316 1195 1388 suis
1240 1329 1321 1388 ut
1354 1315 1629 1391 obviam
1676 1327 1790 1387 eat
1836 1314 2015 1387 huic

462 1408 644 1477 malo
671 1462 690 1495 ,
722 1434 866 1479 non
899 1421 1267 1479 contentus
1294 1432 1572 1484 monere
1602 1408 1847 1501 saepius
1870 1406 2014 1479 hoc

461 1497 840 1592 diligentiae
895 1524 1113 1602 genus
1155 1551 1174 1583 ‚
1240 1522 1389 1593 quae
1450 1498 1523 1567 in
1578 1523 1657 1569 ex
1708 1498 2013 1574 licandis

462 1591 864 1661 auctoribus
919 1590 1333 1673 adhibetur,
1392 1589 1546 1681 plus
1586 1610 1667 1660 co
1702 1591 2015 1661 laturum

463 1678 885 1753 discentibus
905 1736 921 1767 ‚
941 1689 1147 1775 quam
1179 1688 1414 1752 omnes
1443 1682 1753 1751 omnium
1788 1694 2017 1770 artes;

461 1771 537 1843 in
563 1774 740 1844 illud
768 1776 1019 1867 passim
1062 1784 1211 1844 toto
1260 1798 1469 1867 opere
1505 1768 1881 1857 incumbit,
1926 1788 2016 1846 ut

461 1864 890 1937 demonstret
921 1892 1067 1961 quae
1100 1866 1189 1937 sit
1230 1890 1271 1936 o
1325 1867 1490 1935 tima
1518 1864 1790 1959 legendi
1824 1890 2014 1935 auc—

297 1986 413 2048 Qua
451 1970 644 2029 'tores
699 1971 767 2029 et
817 1892 1320 2052 interpretamii
1380 1957 1583 2029 ratio.
1637 1957 2012 2051 Explicare

236 2048 414 2157 affigo·
459 2052 597 2135 yim
625 2076 702 2120 ac
733 2050 1225 2142 proprietatem
1252 2055 1582 2141 cujusque
1604 2050 1823 2136 vocis,
1848 2075 2009 2121 ver·-

221 2169 291 2227 .ri·
310 2186 412 2227 par·
459 2142 707 2211 borum
759 2154 877 2209 aut
915 2142 1415 2221 sententiarum
1464 2134 1566 2210 ele
1620 2141 1878 2212 antiam
1926 2156 2005 2215 et

236 2231 414 2335 2⁶⁸5&
460 2254 747 2303 acumen
779 2244 1115 2303 annotare
1140 2285 1159 2317 ‚
1202 2167 1912 2325 explanarezistorias
1939 2234 2003 2305 si

229 2304 393 2397 ἐπεὶ,
457 2350 604 2419 quae
643 2336 1048 2410 occurrant,
1081 2336 1410 2395 veterum-
1429 2324 1665 2418 legum
1697 2350 1777 2396 ac
1817 2350 2006 2395 con-

231 2418 396 2520 ffiss‘
456 2416 904 2488 suetudinum
957 2415 1233 2487 doctam
1282 2415 1771 2487 obscuritatem
1818 2416 2005 2487 dili-'-

363 2502 377 2520 ’
449 2523 696 2605 genter
733 2535 813 2580 ac
868 2509 1138 2581 curiose
1194 2508 1653 2594 rimari3haec
1712 2508 1999 2602 quidem

449 2602 682 2673 omnia
712 2602 998 2673 minime
1033 2602 1296 2696 spernit
1326 2601 1583 2671 Fabius
1605 2654 1624 2685 ‚
1663 2600 1782 2671 sed
1814 2602 2001 2672 mul-

443 2706 594 2765 tum
629 2694 810 2765 infra
833 2694 1166 2766 Rhetoris
1184 2693 1488 2763 officium
1516 2692 1852 2763 arbitratu
1864 2720 1917 2763 r.

533 2790 764 2877 Hujus
784 2786 987 2896 praeci
1043 2810 1165 2855 uas
1197 2796 1423 2879 partes
1462 2808 1605 2855 esse
1648 2785 1996 2859 existimat

443 2878 690 2950 docere
731 2812 1109 2970 dlscipul'os
1143 2902 1289 2971 quae
1324 2878 1414 2947 sit
1446 2902 1606 2949 vera
1653 2888 1725 2946 et
1756 2877 1993 2948 incor-

437 2984 645 3065 rupta
681 2970 1089 3063 eloquentiae
1126 2970 1380 3039 sanitas
1410 3021 1428 3054 ‚
1488 2969 1561 3039 in
1613 2994 1747 3063 qua
1782 2982 1991 3039 natu-

435 3063 600 3133 ralis
635 3062 802 3133 insit
836 3087 979 3132 non
1001 3062 1271 3131 fucatus
1304 3059 1495 3130 nitor
1526 3088 1542 3130 ε
1575 3063 1778 3154 quam
1807 3088 1985 3154 saepe

437 3167 750 3226 occurrat
783 3156 857 3225 in
882 3152 1314 3224 orationibus
1348 3153 1567 3223 latens
1591 3152 1987 3239 consilium,

435 3258 505 3316 et
535 3247 801 3337 occulta
830 3246 1173 3318 calliditas
1201 3274 1217 3316 τ
1245 3272 1379 3354 qua
1412 3258 1555 3315 arte
1614 3244 1863 3316 sensim
1899 3272 1981 3316 ac

434 3336 688 3412 leniter
719 3340 978 3434 irrepat
1009 3351 1243 3412 orator
1280 3366 1354 3411 m
1395 3349 1661 3410 mentes
1689 3336 1983 3409 audien-
