2175 3809
453 292 638 386 'Qus
683 321 794 369 ενι·
839 315 1161 372 muman
1202 297 1524 370 Rue-ron„
1672 298 1801 390 137

223 386 414 463 ron-is
451 385 866 480 respondere
899 391 1161 475 verbiS‚
1197 391 1378 483 apud
1426 417 1625 484 quem
1666 390 1801 464 hoc

225 478 508 550 invenio
541 508 557 549 ε
597 487 698 567 (1)
752 481 922 551 Mea
960 481 1221 574 quidem
1248 489 1567 554 sententia
1612 509 1797 553 nemo

220 595 358 648 esse
367 577 617 661 polerit
629 579 813 641 omni
821 571 1022 644 laude
1033 573 1401 644 cumulatus
1419 579 1804 660 orazanum·

217 667 346 736 erit
379 669 668 732 omnium
693 681 912 733 'rerum
953 691 1349 755 magnarum
1368 719 1385 751 ‚
1443 677 1639 757 atque
1668 692 1801 734 ar·-

218 757 380 822 tium
409 753 750 824 scientiam
797 767 1173 828 consecutus
1201 784 1217 826 ε
1256 754 1376 826 sed
1410 756 1577 826 mihi
1632 757 1799 826 satis

219 857 319 914 est
351 848 502 932 ejus
533 871 678 916 esse
713 849 1050 918 oratorem
1094 847 1237 933 rei,
1282 847 1365 918 de
1404 873 1537 941 qua
1578 847 1752 918 dicit
1776 897 1801 934 ,

215 961 356 1005 non
395 936 718 1026 ‚inscium
749 945 981 1032 Neque
1031 940 1217 1009 enim
1265 965 1500 1009 omnes
1555 963 1799 1014 causas

212 1027 448 1112 novit,
481 1041 549 1098 et
583 1028 788 1099 debet
817 1057 1010 1123 posse
1041 1030 1128 1100 de
1174 1031 1493 1100 omnibus
1540 1030 1793 1101 dicere.

213 1123 322 1188 De
349 1119 600 1224 quibus
643 1146 804 1213 ergo
840 1121 1076 1192 dicet?
1112 1121 1195 1190 de
1230 1119 1481 1213 quibus
1522 1121 1794 1194 didicit.

212 1210 548 1285 Similiter
567 1211 650 1281 de
679 1213 942 1283 artibus
972 1237 1245 1305 quoque
1266 1265 1285 1296 ‚
1312 1212 1398 1281 de
1470 1211 1669 1282 uibus
1696 1213 1797 1284 di·

213 1301 508 1371 cendum
545 1303 712 1388 erit,
745 1304 1020 1372 interim
1050 1304 1297 1386 discet3
1330 1315 1399 1372 et
1476 1330 1513 1370 e
1538 1303 1791 1396 quibus

211 1391 565 1479 didicerit,
599 1393 804 1464 dicet.
829 1394 1018 1484 Quid
1047 1400 1253 1486 ergo?
1288 1419 1429 1464 non
1452 1408 1571 1463 aut
1600 1395 1795 1466 faber

210 1485 298 1554 de
321 1484 580 1556 fabrica
606 1487 886 1572 melius,
917 1483 1135 1554 auide
1170 1485 1420 1555 musice
1450 1486 1793 1560 musicus?

207 1576 280 1654 si
314 1577 574 1646 nesciat
599 1591 830 1648 orator
855 1633 872 1665 ‚
899 1577 1068 1672 quid
1100 1578 1223 1663 sit,
1256 1577 1339 1648 de
1368 1603 1502 1672 quo
1530 1605 1788 1670 quaera·

207 1680 324 1737 tur
351 1677 378 1738 ?
469 1668 620 1739 lane
659 1670 916 1740 melius.
949 1677 1122 1740 Nam
1148 1683 1215 1740 et
1249 1670 1553 1762 litigator
1582 1672 1790 1742 rusti-

207 1785 328 1830 cus
361 1694 887 1858 illitteratusque
923 1761 1006 1832 de
1061 1787 1267 1834 causa
1308 1788 1429 1830 sua
1486 1763 1730 1832 melius
1762 1815 1785 1849 ‚

253 1877 415 1922 uam
438 1866 670 1922 orator
693 1906 712 1940 ‚
739 1854 866 1948 qui
903 1852 1163 1930 nesciet
1192 1853 1359 1945 quid
1396 1853 1463 1922 in
1506 1853 1623 1920 lite
1651 1854 1738 1921 sit
1761 1903 1781 1936 ‚

259 1945 435 2014 icet:
469 1941 590 2014 sed
625 1959 902 2039 accepta
935 1973 973 2014 a
1005 1963 1306 2028 musice,
1340 1969 1381 2012 a
1424 1941 1617 2012 fabro
1642 1996 1661 2025 ‚
1695 1943 1787 2012 si-
1900 2003 1911 2014 ,

205 2049 322 2104 cut
357 2062 396 2105 a
428 2036 809 2128 litigatore,
837 2038 1080 2108 melius
1106 2050 1371 2120 orator,
1406 2059 1605 2127 quam
1636 2036 1799 2126 ipse·

205 2128 325 2220 qui
361 2127 695 2199 docuerit.
727 2138 986 2200 Verum
1019 2143 1086 2199 et
1120 2129 1311 2200 faber
1335 2182 1354 2211 ‚
1390 2141 1542 2197 cum
1576 2126 1659 2197 de
1687 2127 1787 2196 fa·-
1864 2135 1870 2139 '

201 2217 398 2288 hrica
418 2272 438 2305 ‚
465 2232 534 2288 et
557 2221 856 2292 musicus
875 2273 894 2306 ‚
921 2248 1076 2292 cum
1102 2221 1185 2292 de
1207 2219 1463 2291 musica
1484 2273 1503 2304 .,
1530 2219 1583 2290 si
1611 2218 1785 2313 quid

177 2309 800 2382 -confirmationem
830 2312 1361 2396 desideraverit,
1389 2310 1607 2394 dicet3
1642 2337 1783 2380 non
1814 2367 1821 2372 .

203 2400 338 2471 erit
363 2401 640 2496 quidem
675 2417 906 2473 orator
929 2457 947 2490 ‚
974 2403 1093 2474 sed
1122 2403 1327 2474 faciet
1376 2401 1548 2472 illud
1588 2403 1781 2496 quasi

202 2505 439 2562 orator
459 2518 484 2578 3
515 2493 696 2564 sicut
741 2521 894 2565 cum
929 2495 1179 2566 vulnus
1214 2493 1567 2585 imperitus
1613 2493 1787 2564 deli-

199 2584 443 2676 gahit‚
489 2611 632 2659 non
683 2587 815 2659 erit
869 2587 1221 2672 medicus»,
1276 2585 1395 2656 sed
1444 2585 1647 2656 faciet
1705 2597 1785 2654 ut

201 2677 532 2746 medicus.

289 2775 398 2836 An
437 2767 836 2858 hujusmodi
874 2795 978 2840 res
1026 2793 1156 2841 nec
1188 2766 1261 2838 in
1298 2766 1613 2852 laudem,
1652 2791 1783 2835 nec

201 2857 273 2926 in
323 2858 894 2938 deliberationem
923 2915 940 2943 ‚
988 2887 1117 2930 nec
1164 2860 1235 2930 in
1283 2859 1618 2945 iudicium
1652 2882 1782 2926 ve·-

200 2949 406 3019 niunt
441 2959 467 3020 ἐ’
509 2956 604 3020 Er
653 2948 694 3020 o
737 2976 890 3020 cum
929 2952 1013 3021 de
1058 2951 1375 3022 faciendo
1415 2963 1620 3043 portu
1674 2953 1777 3031 (2)

199 3041 503 3110 Ostiensi
533 2978 985 3112 deffiberatum
1012 3056 1155 3131 est,
1184 3069 1325 3113 nou
1373 3039 1613 3118 debuit
1660 3036 1783 3106 di·-

199 3158 352 3202 cere
391 3135 804 3204 sententiam
835 3148 1076 3214 ‚orator
1105 3143 1131 3208 ἲ
1170 3134 1382 3226 Atqui
1425 3154 1597 3221 opus
1631 3141 1777 3198 erat

153 3345 160 3350 ,
264 3289 424 3418 (131
461 3291 881 3357 deoramre‚2o.
1005 3326 1013 3334 ·
1244 3353 1256 3365 ο
1672 3329 1682 3340 ,
1742 3355 1755 3367 ι

259 3357 332 3421 (2
413 3356 563 3408 Illum
596 3359 760 3410 facere
798 3359 1121 3417 destinaflrnt
1152 3354 1319 3407 Julius
1354 3352 1541 3422 Cesar,
1570 3355 1782 3423 perfecit

195 3419 431 3476 Claudius
455 3427 744 3495 Impemssor.
