2175 3809
379 330 388 334 -
535 267 650 342 Dr,
701 275 1135 333 Enucmronn
1184 288 1551 336 cunonis.
1756 264 1841 337 15

249 355 504 438 betur,
575 357 630 424 si
681 355 834 446 quis
907 381 986 423 ea
1035 378 1182 447 quae
1234 355 1417 426 domi
1464 383 1599 426 suae
1653 371 1841 428 recte

251 449 550 532 faceret,
595 446 670 516 in
716 445 1068 538 publicum
1125 449 1431 539 promit?
1480 453 1707 542 Atque
1752 475 1841 520 eo

252 539 515 630 magis,
568 539 754 632 quod
807 537 1076 607 minora
1128 539 1331 608 etiam
1382 539 1653 620 facilius
1696 539 1839 610 mi·—

253 655 462 700 nores
494 631 678 722 perci
735 630 886 698 iunt
911 655 933 714 3
959 641 1058 714 et,
1085 643 1162 698 ut
1196 653 1480 722 corpora
1516 630 1601 700 ad
1634 657 1838 723 quos-

249 720 416 790 dam
498 747 674 790 mem
729 746 962 790 rorum
1035 721 1247 790 flexus
1310 723 1637 806 formari,
1700 723 1837 810 nisi

247 824 494 891 tenera
521 865 540 897 .,
583 838 726 882 non
771 819 1103 904 possunt3
1136 813 1235 882 sic
1266 812 1533 884 animos
1562 839 1837 908 quoque

251 903 346 972 ad
388 903 710 996 pleraque
767 903 1080 973 duriores
1132 903 1343 974 robur
1384 905 1605 998 ipsum
1648 906 1839 976 facit.

245 1000 366 1064 An
398 994 761 1088 Philippus
791 995 1254 1084 Macedonum
1289 1021 1403 1064 rex
1447 996 1839 1068 Alexandro

247 1085 404 1155 filio
439 1112 564 1155 suo
598 1087 819 1178 primu
851 1086 1236 1156 litterarum
1270 1087 1607 1156 elementa
1652 1089 1836 1159 tradi

249 1177 342 1246 ab
383 1177 790 1262 Aristotele,
847 1203 1111 1255 summo
1162 1183 1308 1267 ejus
1357 1180 1571 1248 aetatis
1610 1180 1839 1272 philo-

247 1269 508 1360 soph0‚
543 1269 916 1352 voluisset;
958 1282 1078 1338 aut
1114 1269 1227 1338 ille
1268 1270 1672 1374 suscepisset
1704 1270 1841 1342 hoc

249 1360 598 1444 officium,
649 1361 705 1429 si
759 1385 902 1430 non
946 1359 1332 1430 studiorum
1383 1361 1631 1446 initia,
1675 1375 1743 1431 et
1795 1380 1837 1432 a

247 1451 750 1542 perfectissimo
805 1477 1080 1546 quoque
1132 1453 1393 1544 optime
1444 1454 1719 1524 tractari
1767 1467 1841 1525 et

243 1544 599 1636 pertinere
655 1543 742 1612 ad
791 1568 1121 1612 summam
1175 1543 1626 1618 credidisset?
1676 1547 1839 1616 Fin-

245 1659 491 1726 gamus
523 1634 736 1727 i-gitur
759 1635 1225 1705 Alexandrum
1252 1635 1409 1706 dari
1442 1635 1642 1706 nobis
1664 1690 1681 1720 ,
1716 1638 1839 1706 im·

231 1727 554 1816 ‚positum
601 1727 896 1819 gremi0‚
949 1727 1239 1820 dignum
1274 1736 1465 1796 tanta
1509 1753 1672 1797 cura
1714 1728 1839 1801 in:

243 1817 512 1886 fantem
559 1824 590 1902 (
676 1843 1016 1912 nanquam
1065 1843 1227 1887 suus
1282 1819 1529 1911 cuique
1584 1818 1837 1910 dignus

247 1917 406 1994 est)
437 1962 456 1992 .,
517 1935 609 2002 pu
663 1925 862 1982 eatne
911 1931 1020 1979 me
1075 1909 1149 1978 in
1199 1910 1365 2002 ipsis
1413 1909 1650 1978 statim*
1684 1909 1839 1980 ele-

243 2000 502 2069 mentis
551 2001 758 2072 eti-am
805 2001 1041 2090 brevia
1100 1999 1398 2072 docendi
1455 2013 1839 2076 monstram

245 2092 660 2184 compendia
708 2095 734 2160 ?

338 2191 426 2252 V.
455 2190 692 2278 Neque
711 2183 894 2254 enim
921 2182 1093 2254 mihi
1123 2183 1301 2254 illud
1318 2183 1555 2253 saltem
1582 2183 1837 2276 placet,

247 2275 438 2368 quod
465 2274 614 2363 fieri
641 2276 714 2346 in
746 2276 1061 2369 plurimis
1085 2277 1289 2348 video
1308 2327 1331 2360 ‚
1348 2288 1427 2344 ut
1451 2275 1837 2348 litterarum

247 2367 536 2437 nomina
566 2379 636 2436 et
667 2379 1095 2452 contextum,
1126 2367 1525 2460 priusquam
1550 2365 1837 2453 formas,

243 2458 520 2550 parvuli
531 2457 1069 2530 discantObstat
1079 2456 1565 2551 hocagnitioni
1580 2478 1839 2544 earum,

243 2575 391 2618 non
431 2549 954 2622 intendentibus
1011 2577 1167 2621 mox
1202 2550 1507 2620 animum
1536 2549 1623 2620 ad
1656 2550 1839 2642 ipso's

235 2648 379 2726 (π)
435 2640 762 2737 εἰωῐῒιιεν,,ἱ
797 2641 962 2712 dum
1007 2640 1529 2716 antecedentem
1566 2668 1840 2724 memo-

245 2735 424 2802 riam
455 2747 858 2828 sequuntur.
883 2740 1056 2824 Quae
1089 2759 1293 2805 causa
1316 2745 1418 2804 est
1432 2733 1839 2826 praecipien-

245 2825 478 2908 tibus,
535 2839 630 2895 ut-
663 2825 914 2912 etiam,
978 2853 1135 2898 cum
1181 2825 1343 2896 satis
1386 2827 1684 2894 affixisse·
1724 2849 1853 2895 eas-

244 2917 486 3008 pueris
505 2930 693 2988 recto
717 2917 864 3001 illo,
881 2943 1018 3011 quo
1037 2919 1335 3012 primum
1356 2917 1561 2987 scribi
1590 2915 1847 3001 solent,

243 3020 576 3078 contextu
607 3009 934 3082 videntur
957 3061 978 3096 ‚
1013 3021 1410 3100 retroagant
1444 3031 1675 3076 rursus
1700 3057 1721 3092 ‚
1770 3020 1841 3079 et

245 3099 440 3169 varia
458 3101 970 3192 permutatione
1002 3101 1413 3194 perturbent
1430 3149 1451 3183 ‚
1486 3097 1708 3167 donec
1733 3097 1841 3168 lit-

242 3201 469 3275 teras,
509 3192 628 3284 qui
663 3192 1155 3279 instituuntur,
1180 3190 1363 3263 facie
1397 3188 1663 3275 norint,
1692 3215 1835 3260 non

321 3330 342 3396 (
365 3349 382 3378 ¹
405 3331 428 3396 )
463 3333 666 3386 Formas
691 3353 746 3386 ae
773 3333 988 3407 figuras,
1007 3349 1084 3403 ct,
1110 3347 1164 3384 ut
1186 3333 1257 3384 ita
1280 3329 1445 3384 dicam
1465 3369 1483 3401 ,
1506 3344 1683 3386 tractus
1706 3329 1839 3384 litte·

243 3411 439 3456 rarum.
