2175 3809
355 283 459 369 96
758 281 931 348 Lus.
983 281 1081 346 11.
1129 279 1308 346 Cn.
1360 279 1498 347 lx.

364 411 405 456 a
448 395 718 478 quoque
760 383 1104 454 dictorum
1145 383 1386 454 relatio
1413 436 1436 476 ,ἶ
1479 395 1551 453 et
1603 380 1674 452 in
1717 385 1996 462 causz‘S,

368 477 581 546 utilis.
634 483 808 546 Nam
860 489 929 547 et
975 475 1126 567 plus
1167 473 1592 544 auctoritatis
1643 473 1951 544 afferunt

370 593 487 652 ea,
540 593 686 660 quae
740 593 880 637 non
931 567 1280 660 praesentis
1321 566 1542 658 gratia
1587 565 1729 636 litis
1782 577 1954 636 sunt

372 670 765 751 comparata
808 709 830 742 ,
892 670 961 726 et
1020 657 1292 727 laudem
1345 671 1518 749 saepe
1571 661 1954 746 majorem,
2059 707 2067 710 -

374 775 577 842 quam
596 750 651 820 si
672 761 901 820 nostra
922 749 1061 820 sint
1077 802 1098 834 ‚
1123 747 1516 819 conciliant.
1550 746 1954 842 Aliquando

372 852 605 911 tamen
657 839 1228 934 permittendum,
1277 865 1422 932 quae
1470 839 1602 931 ipsi
1646 840 1958 933 scripse-

378 930 553 1015 rint,
592 929 818 1002 dicere
836 947 867 1018 3·
894 944 970 1000 ut
1000 930 1256 1002 laboris
1281 930 1384 1000 sui
1419 929 1958 1001 fructumetiam

378 1048 461 1092 ex
490 1022 609 1091 illa
633 1076 651 1106 ,
706 1049 851 1116 quae
900 1023 1186 1092 maxime
1219 1020 1512 1114 petitur,
1548 1022 1748 1092 laude
1781 1021 1963 1114 pl'u—

379 1113 629 1183 rimum
648 1113 939 1208 capiant.
964 1121 1222 1184 Verum
1241 1111 1314 1182 id
1331 1137 1602 1205 quoque
1629 1126 1776 1184 tum
1801 1112 1962 1183 fieri

380 1204 759 1296 oportebit,
780 1231 935 1276 cum
966 1204 1232 1298 aliquid
1263 1205 1686 1276 commodius
1719 1204 1964 1276 elima-

382 1297 656 1383 verint;
690 1309 766 1366 ut
798 1323 881 1368 eo
915 1297 1104 1368 velut
1135 1295 1410 1402 praemio
1444 1295 1654 1367 studii
1697 1295 1802 1366 sui
1833 1297 1966 1366 do·-

383 1400 679 1548 gentun
710 1414 793 1459 ac
824 1415 895 1460 se
938 1413 1263 1459 meruisse
1299 1399 1376 1457 ut
1405 1386 1712 1459 dicerent
1736 1441 1756 1473 ,
1792 1413 1968 1482 gau-

438 1491 619 1547 eant.

386 1615 499 1637 §555
502 1601 1974 1640 ”mmssmm555553mmmumm

852 1707 905 1770 c
934 1704 1077 1772 ΑΡ
1109 1667 1174 1772 ι’]
1207 1707 1272 1772 Τ
1364 1709 1507 1772 rx.
1554 1691 1577 1702 “
1666 1714 1674 1720 ·

433 1843 521 1906 An
564 1847 851 1906 secundun
894 1845 981 1906 sui
1019 1847 1246 1986 qcffiue
1297 1847 1502 1928 ingenii
1546 1847 1814 1908 docendus
1851 1847 1932 1910 sit

1000 1949 1069 1986 na
1158 1947 1270 1987 am.
1483 1951 1496 1964 ·

396 2045 755 2158 anrus
797 2088 1232 2180 praeceptoris
1286 2089 1526 2160 haberi
1573 2089 1791 2176 solet,
1844 2115 1976 2160 nec

396 2178 772 2262 immerito,
800 2178 1172 2272 diligenter
1206 2182 1275 2251 in
1307 2181 1424 2268 iis,
1451 2209 1620 2276 quos
1644 2181 1976 2260 erudien-

396 2269 521 2339 dos
571 2271 989 2362 susceperit,
1046 2285 1286 2342 notare
1339 2273 1733 2344 discrimina
1786 2273 1980 2365 inge-

396 2359 709 2443 niorum,
745 2373 812 2430 et
851 2388 986 2454 quo
1037 2389 1373 2470 quemque
1415 2379 1662 2436 natura
1689 2364 1978 2434 maxime

396 2452 624 2537 ferat,
673 2452 867 2536 scire.
903 2461 1075 2524 Nam
1111 2468 1211 2525 est
1258 2483 1330 2525 ln
1375 2455 1508 2526 hoc
1557 2455 1986 2532 incredibilis

400 2543 706 2638 quaedam
756 2545 1047 2615 varietas
1072 2571 1094 2631 3
1142 2573 1268 2616 nec
1312 2549 1667 2639 pauciores
1699 2548 1984 2618 animo-

398 2660 553 2704 rum
634 2661 797 2718 ene,
834 2662 1034 2729 quam
1074 2664 1435 2730 corporum
1479 2640 1728 2710 formae.
1774 2637 1988 2728 Quod

402 2725 571 2796 intel
608 2726 701 2818 igi
749 2727 955 2798 etiam
989 2756 1067 2798 ex
1102 2731 1263 2822 ipsis
1299 2732 1687 2802 oratoribus
1721 2729 1987 2824 potest}

403 2817 523 2912 qui
570 2830 837 2887 tantum
887 2820 1069 2906 inter
1122 2847 1193 2890 se
1224 2820 1503 2892 distant
1565 2849 1814 2918 genere
1866 2821 1990 2891 di·-

405 2909 645 2992 cendi,
682 2921 758 2978 ut
784 2936 984 2979 nemo
1018 2911 1108 2982 sit
1137 2912 1342 2982 alteri
1367 2913 1648 2984 similis:
1679 2912 1990 3008 quamvis

336 3035 345 3041 r
402 3000 685 3106 plurimi
745 3025 813 3068 se
872 3001 957 3070 ad
1008 3028 1277 3086 eorum,
1329 3031 1499 3097 quos
1549 3005 1994 3097 probabant,

406 3092 863 3161 mutationem
910 3095 1443 3186 composuerint.
1503 3098 1690 3168 Utile
1736 3095 1996 3167 deinde

402 3181 749 3275 plerisque
799 3183 1017 3254 visu-m
1071 3198 1218 3269 est,
1269 3186 1364 3256 ita
1409 3214 1748 3282 quemque
1793 3186 1998 3257 insti·-

404 3283 602 3340 ‘tuere
634 3324 655 3353 ‚
699 3285 775 3341 ut
829 3276 1104 3368 propria
1153 3289 1408 3351 naturae
1459 3279 1642 3350 bona
1677 3278 2003 3350 doctrina

410 3359 764 3450 soverent,
822 3377 891 3434 et
940 3367 1013 3441 in
1048 3367 1122 3438 id
1171 3367 1604 3461 potissimum
1653 3371 2011 3465 ingenia}-

1445 3533 1490 3538 υ
1739 3503 1748 3509 “
1797 3499 1808 3510 “·
1857 3485 2012 3556 (1Πο

1917 3672 1971 3784 ί
