2175 3809
558 271 671 339 De
712 292 851 355 usu
899 286 1499 339 Anconem-onum.
1680 280 1814 347 297

232 358 538 437 exerceri
572 360 998 444 solebamm,
1032 359 1194 428 olim
1220 364 1355 447 jam
1387 356 1470 426 ab
1505 352 1622 425 illa
1657 373 1821 423 vera

234 451 537 541 imagine
570 452 810 519 orandi
850 463 1314 533 recesserunt,
1349 461 1552 538 atque
1590 442 1676 513 ad
1705 460 1820 511 so·-

235 542 373 613 lam
410 542 795 632 compositae
816 541 1270 633 voluptatem,
1301 538 1527 607 nervis
1559 544 1816 603 carent.

332 639 771 723 Quapropter
787 632 1270 725 eloquentiam,
1307 630 1462 699 licet
1487 628 1664 697 hanc
1695 629 1820 709 (ut

234 722 465 793 sentio
509 723 690 790 enim
716 775 735 805 ‚
776 721 1053 806 dicam)
1124 722 1565 791 libidinosam
1613 738 1824 783 resu-

237 812 407 904 pina
439 812 787 903 voluptate
820 812 1160 903 auditoria
1191 812 1512 904 probent,
1558 806 1823 877 nullam

234 909 383 973 esse
404 902 799 971 existimabo
818 955 837 984 ,
869 930 1013 995 quae
1039 929 1124 971 ne
1152 903 1510 972 minimum
1541 896 1824 1002 quidem

242 994 319 1063 in
372 1020 440 1062 se
498 992 829 1063 indicium
865 994 1221 1063 masculini
1275 1006 1342 1062 et
1391 993 1826 1079 incorrupti,

241 1110 332 1158 ne
367 1084 585 1152 dicam
624 1086 845 1173 gravis
879 1096 947 1153 et
994 1086 1210 1155 sancti
1257 1083 1432 1169 viri,
1486 1079 1821 1152 ostendet.

228 1178 235 1183 '
336 1180 447 1243 An
482 1200 636 1243 vero
672 1187 1045 1243 statuarum
1093 1174 1388 1244 artifices
1415 1227 1434 1256 ‚
1483 1174 1836 1265 pictores-'s

244 1290 379 1358 que
408 1263 760 1333 clarissimi
782 1319 805 1345 ,,
830 1291 984 1334 cum
1014 1290 1297 1355 corpora
1336 1289 1538 1356 quam
1563 1260 1836 1356 specio-⁶

234 1357 509 1425 'sissima
542 1354 867 1447 fingendo
893 1354 1324 1446 pingendove
1361 1356 1690 1460 effingere
1711 1377 1827 1441 cu-

248 1459 515 1539 perent,
537 1472 887 1537 nunquam
902 1445 1209 1515 tamenin
1228 1443 1826 1516 huncinclderun't

249 1562 551 1607 errorem
583 1591 602 1621 ‚
642 1550 718 1606 ut
744 1542 845 1621 (1)
866 1544 963 1607 Ba
1013 1562 1193 1622 oam,
1223 1549 1341 1607 aut
1371 1536 1832 1631 Magabyzum

250 1628 551 1731 aliquem
614 1626 686 1696 in
736 1654 969 1722 exemp
1000 1652 1114 1697 um
1149 1628 1376 1721 operis
1407 1640 1833 1701 assumerent

252 1718 388 1788 sibi
423 1743 446 1803 3
478 1716 598 1787 sed
620 1724 721 1804 (2)
742 1719 1209 1811 Doryphoron
1231 1719 1425 1789 illum
1443 1733 1678 1812 aptum
1720 1718 1834 1790 vel

252 1808 539 1892 militiae,
562 1809 667 1877 vel
692 1807 1009 1902 palaestrae
1022 1834 1044 1893 3
1064 1808 1356 1878 aliorum
1367 1814 1833 1901 quoquejuve-

254 1925 425 1969 num
464 1898 945 1968 bellicosorum
976 1911 1043 1967 et
1068 1898 1477 1969 athletarum
1509 1924 1830 2005 corpora,

253 1990 506 2060 decora
534 1990 690 2061 vere
712 1990 1268 2060 existimaverunt
1299 2016 1498 2076 εηοε,
1529 2015 1646 2082 qul
1683 2015 1838 2059 ora-

252 2094 473 2150 torem
505 2080 853 2151 studemus
888 2080 1243 2173 effingere,
1275 2105 1416 2150 non
1449 2106 1638 2151 arma
1661 2134 1680 2167 ‚
1715 2079 1838 2151 sed
1891 2156 1901 2165 ,

256 2184 584 2263 tympana
620 2172 728 2242 elo
780 2169 1025 2241 uentiae
1064 2170 1350 2244 demus?

350 2262 572 2353 Igitur
604 2275 673 2331 et
706 2262 755 2331 il
787 2288 822 2331 e
852 2315 871 2345 ‚
922 2286 1127 2354 quem
1161 2262 1622 2347 instituimus,
1647 2263 1842 2335 ‘ado-

259 2351 565 2435 hiscens,
606 2379 809 2444 quam
840 2351 1126 2421 maxime
1157 2365 1380 2444 potest
1409 2405 1428 2437 ‚
1475 2368 1844 2447 componat

263 2468 333 2513 se
370 2440 458 2511 ad
501 2442 955 2513 imitationem
1004 2443 1312 2514 veritatis
1337 2470 1359 2530 3
1408 2444 1842 2539 initurusque

260 2534 659 2626 frequenter
707 2532 1086 2604 forensium
1144 2535 1592 2606 certaminum
1655 2564 1844 2629 pug-

261 2648 463 2707 nam,
500 2630 634 2714 jam
668 2625 740 2694 in
776 2621 1007 2694 schola
1050 2625 1407 2695 victoriam
1436 2640 1692 2719 spectet
1717 2681 1734 2709 ‚
1771 2640 1844 2699 et

263 2713 471 2783 ferire
507 2714 739 2783 vitalia
776 2741 854 2783 ac
883 2714 1062 2783 tueri
1117 2716 1326 2799 sciat3
1361 2730 1430 2786 et
1471 2731 1844 2823 praeceptor

266 2804 341 2873 id
374 2803 660 2873 maxime
697 2805 924 2897 'exigat
948 2856 966 2887 ‚
1016 2817 1083 2873 et
1120 2806 1473 2877 inventum
1505 2834 1844 2900 praecipue

267 2894 537 2987 probet.
578 2902 753 2965 Nam
793 2907 869 2965 ut
902 2894 987 2964 ad
1031 2900 1268 2993 pejora
1313 2902 1593 2986 juvenes
1638 2898 1846 2969 laude

368 3049 416 3117 ι)
434 3050 647 3100 Nomina
676 3051 937 3101 Eunuchis
957 3052 1255 3119 frequentia.

382 3116 451 3179 α)
478 3114 799 3187 Doryphoro-s
820 3118 1069 3185 appellar‘i't
1088 3120 1252 3171 Graeci
1273 3114 1498 3169 satellites
1515 3136 1573 3169 ac
1593 3121 1850 3187 praetoria-

269 3196 359 3232 nos
382 3180 561 3231 milites
576 3220 592 3244 ‚
615 3182 707 3249 qui
733 3185 933 3245 regibus
954 3184 1018 3232 ad
1052 3185 1324 3233 custodiam
1353 3184 1574 3249 corporis
1599 3187 1752 3235 solent
1773 3206 1859 3238 as·-

265 3244 451 3297 sistere.
474 3248 603 3297 Sunt
620 3261 782 3297 autem
800 3248 856 3298 hi
880 3250 1067 3297 excelsa
1086 3262 1262 3299 statura
1277 3262 1324 3299 et
1338 3248 1531 3315 egregia
1550 3251 1650 3301 fere
1669 3253 1852 3304 forma.-

266 3310 505 3361 Caeterum
547 3314 823 3380 Polycletus
848 3312 1204 3379 Doryphorum
1242 3312 1417 3377 finxit,
1443 3329 1840 3381 quam-statuam
1883 3358 1888 3363 .

262 3373 369 3428 tibi
390 3378 676 3445 magistram
700 3378 831 3431 dixit
852 3378 1001 3429 fuisse
1027 3378 1301 3449 Lysippus.
1335 3380 1487 3435 Turn.

1399 3450 1575 3519 NS
