2175 3809
661 244 788 309 DE
860 240 1470 309 Arruc'rmus.
1627 278 1633 285 ·
1704 242 1836 324 345

256 357 395 427 que
426 342 732 417 tantum,
767 354 909 399 non
948 331 1152 399 etiam
1191 330 1492 398 animum
1521 382 1538 413 ‚
1573 351 1840 401 accom-

242 423 783 494 modaverimus,
811 421 1000 509 Quid
1031 422 1214 494 enim
1243 421 1430 489 aliud
1458 433 1556 489 est
1585 446 1838 507 causae,

258 528 341 584 ut
389 514 699 607 lugentes
729 566 748 599 ‚
812 513 1047 605 utique
1111 513 1181 581 in
1235 512 1492 581 recenti
1544 511 1781 582 dolore
1816 568 1837 597 ,

212 658 219 665 -
258 604 703 675 disertissime
726 604 1033 696 quaedam
1058 602 1842 690 exclamare'videantur,
1930 643 1935 648 ·

256 710 328 765 et
384 697 485 765 ira
534 721 1030 788 nonnunquam
1080 748 1099 779 ‚
1157 694 1453 763 indoctis
1518 719 1788 787 quoque
1816 748 1837 781 ‚

258 788 723 879 eloquentiam
752 788 994 870 faciat,
1032 812 1237 879 quam
1271 784 1458 878 quod
1491 785 1628 854 illis
1659 788 1842 855 inest

258 879 361 951 vis
394 878 641 948 mentis
660 931 678 963 ‚
701 892 772 947 vet
796 878 1043 947 veritas
1071 878 1214 970 ipsa
1245 903 1509 945 morum
1536 885 1566 945 ἓ

353 976 585 1057 Quare
620 970 689 1039 in
726 970 811 1038 iis
838 1022 855 1053 ‚
910 994 1055 1062 quae
1088 968 1488 1037 verisimilia
1517 994 1664 1037 esse
1703 996 1840 1039 vo-

258 1060 517 1145 lemus,
552 1061 761 1129 simus
795 1060 923 1152 ipsi
952 1060 1208 1151 similes
1233 1086 1467 1128 eorum
1490 1112 1508 1145 ‚
1541 1061 1654 1151 qui
1683 1087 1840 1132 vere

308 1153 623 1221 atiuntur
646 1204 664 1237 ‚
698 1150 1093 1231 affectibus3
1129 1164 1258 1219 eta
1283 1151 1402 1239 tali
1429 1151 1657 1220 animo
1690 1178 1849 1244 pro-

257 1176 603 1313 ficiscatur
622 1243 865 1325 orati0,
883 1242 1154 1334 qualem
1174 1240 1394 1311 facere
1413 1242 1710 1331 judicem
1732 1270 1846 1314 vo·-

258 1333 497 1403 let.An
524 1334 639 1403 ille
658 1332 1078 1425 dolebit‚qui
1109 1332 1499 1418 audiet'me‚
1528 1332 1657 1403 hoc
1683 1341 1842 1405 cum

254 1424 483 1517 dicam
502 1478 521 1511 ‚
560 1450 701 1495 non
736 1424 1139 1493 dolentem?
1168 1430 1508 1493 Irascetur
1532 1474 1553 1508 ,
1580 1424 1632 1493 si
1662 1426 1844 1497 nihil

256 1515 405 1621 ipse
431 1570 449 1601 ‚
486 1518 605 1609 qui
644 1517 715 1585 in
753 1516 921 1585 iram
952 1515 1254 1584 concitat
1279 1566 1297 1599 ‚
1333 1513 1540 1608 idque
1582 1516 1840 1609 exigit,

252 1607 481 1680 simile
556 1608 854 1677 atietur?
884 1606 1096 1677 Siccis
1123 1606 1348 1697 agenti
1379 1607 1596 1676 oculis
1624 1608 1844 1701 lacry-

252 1724 401 1773 mas
436 1634 627 1765 dazit
656 1726 667 1739 ⁴
704 1696 853 1765 fieri
881 1722 1019 1764 non
1043 1709 1288 1787 potest.
1323 1704 1467 1765 Nec
1493 1699 1843 1785 incendit,

254 1788 393 1857 nisi
422 1788 598 1881 ignis
625 1814 647 1871 3
676 1813 803 1856 nec
833 1786 1322 1871 madescimus,
1355 1786 1488 1855 nisi
1511 1786 1842 1877 humore3

258 1905 390 1949 nec
416 1905 520 1948 res
553 1879 691 1947 ulla
724 1878 839 1947 dat
872 1876 1068 1946 alteri
1101 1877 1398 1947 colorem
1422 1929 1440 1962 ‚
1465 1904 1665 1970 quem
1693 1877 1843 1972 ipsa
1874 1892 1880 1904 ’

258 1996 404 2039 non
455 1969 684 2039 habet.
724 1970 1029 2040 Primum
1064 1980 1167 2037 est
1211 1968 1467 2060 igitur,
1520 1982 1596 2037 ut
1651 1972 1841 2063 apud

260 2087 387 2131 nos
418 2060 687 2131 valeant
734 2086 811 2129 ea
833 2114 851 2144 ,
880 2086 1030 2152 quae
1063 2058 1290 2131 valere
1322 2058 1505 2149 apud
1539 2059 1840 2147 judicem

260 2152 573 2222 volumus
596 2153 1178 2244 3‘afficiamurque
1204 2202 1222 2229 ‚
1267 2163 1634 2242 antequam
1677 2154 1842 2223 affi-

246 2266 415 2312 cere
452 2270 800 2313 conemur.
836 2248 929 2311 At
966 2240 1314 2335 quomodo
1361 2240 1519 2326 fiet,
1569 2256 1645 2313 ut
1679 2246 1840 2314 affi-

254 2336 567 2404 ciamur?
592 2360 810 2428 neque
838 2334 1021 2403 enim
1054 2345 1214 2402 sunt
1247 2346 1470 2403 motus
1496 2334 1568 2403 in
1607 2350 1842 2407 nostra

258 2438 619 2517 potestate.
642 2424 959 2497 Tentabo
986 2424 1192 2495 etiam
1216 2422 1302 2493 de
1327 2423 1461 2495 hoc
1493 2424 1742 2497 dicere.

277 2554 285 2563 -
354 2522 541 2605 Quas
572 2526 868 2603 φιυτηωάς
906 2516 1124 2587 Graeci
1168 2529 1460 2602 vocant,
1513 2543 1638 2591 nos
1667 2546 1840 2593 sane

257 2612 538 2679 visiones
596 2607 1013 2701 appellemus
1046 2636 1061 2677 ε
1111 2634 1236 2700 per-
1293 2634 1460 2699 quas
1508 2610 1840 2703 imagines

258 2716 488 2768 rerum
541 2698 929 2767 absentium
956 2699 1051 2769 ita
1082 2712 1658 2791 repraesentantur
1689 2704 1840 2774 ani·-

257 2814 415 2876 1110,
454 2802 531 2859 ut
569 2815 685 2859 eas
719 2806 1004 2859 cernere
1050 2789 1268 2859 oculis
1293 2843 1314 2873 .,
1363 2808 1837 2882 ac-praesentes

257 2880 512 2951 habere
538 2880 937 2949 videamur:
970 2880 1091 2949 has
1175 2881 1434 2973 uisquis
1457 2880 1632 2953 bene
1659 2912 1840 2955 con-

256 2973 517 3065 ceperit
537 3025 554 3055 ,
590 2972 645 3040 is
670 2971 801 3039 erit
827 2972 899 3040 in
925 2974 1152 3042 affecti
1201 2998 1282 3041 us
1303 2976 1838 3065 potentissimus,

258 3068 470 3132 Hunc
494 3062 771 3156 quldam
800 3062 1045 3133 dicunt
1069 3073 1477 3143 εὗωαντοισιᾍτον
1498 3121 1517 3153 ‚
1553 3070 1668 3161 qul
1705 3069 1838 3140 Sibi

259 3180 401 3237 res,
422 3180 655 3237 voceS‚
690 3166 877 3223 actus
906 3155 1282 3232 secundum
1317 3182 1548 3229 verum
1581 3161 1838 3253 optime

258 3245 475 3351 finget
524 3272 542 3313 t
599 3244 782 3337 quod
841 3246 1120 3338 quidem
1185 3247 1382 3318 nobis
1450 3250 1837 3327 volentibus

258 3336 459 3407 facile
501 3336 872 3431 continget.

1417 3438 1562 3508 1³5
