2175 3809
424 337 559 389 222
637 394 642 401 ,
765 352 774 357 ·
829 322 1016 389 Lus.
1061 324 1196 387 IV.
1224 323 1436 389 «ΟΛΡ.
1482 324 1584 387 ῙῙ.
1646 335 1661 349 ·
1716 393 1725 403 ‚
1860 368 1867 375 -

414 420 564 493 turn
593 432 630 477 a
665 406 876 480 divite
909 416 1221 499 juvenem
1245 464 1263 495 ‚
1308 423 1378 479 et
1416 416 1445 493 (
1480 437 1505 479 1
1537 418 1566 495 )
1605 406 2001 479 absolutum

413 507 742 593 tanquam
767 526 962 571 suum
985 500 1205 575 fitium
1232 500 1505 591 asserit,
1531 500 1815 583 habebit
1847 500 2001 593 qui-

417 589 572 661 dem
616 590 928 677 colorem,
957 618 1095 685 quo
1136 592 1357 674 dicat3
1403 600 1476 661 'et
1521 602 1997 696 paupertatem

416 680 549 751 sibi
585 707 856 751 causam
883 682 1511 774 exponendi.fi1isse
1532 735 1549 767 ‚
1578 695 1645 751 et
1672 674 1899 751 ideo’a
1925 708 1997 753 se

397 765 694 877 ‘parasiti
725 796 1085 865 personam
1118 800 1259 843 esse
1290 787 1697 867 susceptam,
1726 773 1888 867 quia
1922 774 1997 842 in

412 862 536 932 nlla
577 860 782 955 domo
835 858 1055 933 filium
1096 864 1420 950 haberet3
1453 879 1521 935 et
1576 865 1731 934 ideo
1797 864 1999 934 illum

409 952 857 1024 innocentem
911 968 1017 1024 ter
1087 954 1480 1027 abdicatum
1509 1009 1530 1040 ‚
1594 956 1755 1049 quia
1810 956 1999 1025 filius

415 1041 802 1114 abdicantis
853 1071 993 1115 non
1024 1060 1199 1116 esset
1234 1074 1249 1115 ε
1309 1047 1443 1117 nisi
1486 1060 1717 1117 tamen
1755 1046 2003 1117 omni-

412 1132 549 1205 bus
607 1136 834 1205 verbis
887 1150 955 1205 et
1008 1162 1307 1207 amorem
1379 1139 1675 1232 patrium
1706 1192 1725 1225 ‚
1790 1151 2001 1230 atque

413 1224 605 1296 hunc
645 1225 922 1319 quidem
971 1228 1522 1300 ardentissimum
1571 1229 1997 1313 ostenderit,

417 1331 486 1386 et
517 1316 755 1387 odium
790 1316 1021 1389 divitis
1049 1334 1166 1405 ‚et
1220 1334 1475 1391 metum
1524 1347 1647 1414 pro
1704 1325 1997 1407 juvene,

415 1433 621 1515 quem
657 1409 1036 1499 periculose
1072 1437 1472 1482 mansurum
1508 1412 1578 1481 in
1606 1411 1720 1481 illa
1746 1411 1955 1497 domo
1978 1464 2001 1495 .,

419 1524 494 1567 ιη
529 1524 662 1591 qua
705 1512 842 1569 tam
879 1500 1139 1571 invisus
1171 1503 1293 1587 sit,
1344 1504 1549 1589 sciat,
1604 1503 2001 1597 suspicione

418 1595 520 1675 (2)
560 1587 848 1677 subjecti
887 1593 1200 1684 petitoris
1230 1620 1371 1663 non
1404 1593 1732 1666 carebit...

421 1758 428 1765 ,
509 1687 622 1750 111.
653 1682 862 1770 Quod
887 1683 943 1752 si
965 1710 1119 1775 pars
1143 1692 1577 1776 expositionis
1594 1712 1719 1779 pro
1744 1684 1951 1758 nobis
1973 1738 1995 1769 ‚

418 1784 576 1865 pars
613 1786 850 1844 contra
881 1776 1200 1863 nos-erit,
1236 1777 1581 1849 miscenda
1608 1778 1739 1863 sit,
1770 1802 1858 1845 an
1892 1792 2002 1845 se-

416 1862 721 1956 paranda
752 1873 1088 1953 ηανῑαίίο,
1118 1894 1271 1939 cum
1306 1870 1451 1960 ipsa
1484 1896 1701 1955 causa·
1742 1867 2005 1938 condi-

414 1955 606 2025 tione
629 1954 1152 2029 deliberandum
1193 1972 1314 2030 est.
1332 1968 1503 2033 Nam
1526 1963 1579 2032 si
1614 1962 1809 2054 plura
1826 1960 2003 2045 sint,

421 2071 568 2137 quae
591 2061 880 2133 nocent3
911 2076 1055 2141 quae
1075 2064 1399 2142 prosunt,
1432 2052 1837 2123 obruentur.
1862 2058 2000 2123 Ita-

419 2162 552 2227 que
611 2150 776 2208 tunc
839 2138 1150 2211 dividere
1176 2143 1511 2235 optimum
1553 2144 1719 2230 erit,
1756 2157 1822 2214 et
1870 2143 1996 2229 iis,

417 2251 563 2332 quae
597 2241 856 2320 partem
893 2244 1193 2303 nostram
1228 2234 1682 2323 adjuvabunt,
1730 2235 2001 2329 exposi-

413 2329 506 2386 tis
564 2332 632 2389 et
681 2320 1143 2407 confirmatis,
1199 2326 1523 2399 adversus
1586 2328 1850 2420 reliqua
1892 2326 1999 2395 uti

415 2410 772 2496 remediis,
807 2411 890 2481 de
927 2412 1177 2506 quib'us
1210 2442 1413 2510 supra
1461 2418 1720 2489 dictum
1760 2430 1885 2487 est.
1922 2417 1998 2487 Si

411 2499 611 2659 ptura
648 2503 1064 2592 proderunt,
1104 2508 1308 2577 etiam
1346 2513 1765 2602 coniungere
1816 2508 2001 2579 lice-

469 2603 518 2659 nt
539 2644 558 2674 ‚
593 2618 738 2685 quae
771 2594 1076 2681 obstant,
1138 2611 1210 2667 ut
1240 2598 1311 2670 in
1335 2599 1561 2670 medio
1590 2602 1777 2671 velut
1808 2601 2003 2671 auxi-

413 2680 528 2751 liis
569 2686 820 2754 nostris
849 2688 1068 2776 posita
1104 2691 1325 2761 miuus
1361 2688 1659 2762 habeant
1693 2692 1949 2763 virium
1976 2720 1995 2759 :

411 2798 560 2865 quae
591 2787 821 2847 tamen
859 2804 994 2848 non
1028 2794 1234 2851 erunt
1264 2780 1448 2865 nuda
1484 2785 1841 2876 ponenda,
1876 2782 2005 2854 sed

411 2878 490 2933 ut
523 2879 597 2946 et,
621 2880 852 2945 nostra
879 2870 1107 2963 aliqua
1143 2875 1736 2967 argumentatione
1768 2874 2003 2945 firme—

411 2980 593 3043 mu5‚
629 2971 699 3027 et
731 2958 996 3031 diversa
1045 2989 1169 3033 cur
1220 2964 1581 3036 credibilia
1625 2992 1767 3037 non
1812 2966 2007 3053 sint,

475 3148 562 3225 (ι.)
595 3147 854 3226 Liberum,
884 3152 1116 3204 'Valerius
1150 3156 1349 3221 scribit,
1386 3157 1429 3207 si
1462 3158 1595 3209 filius
1629 3173 1703 3209 ter
1740 3159 2003 3212 abdicatus

411 3210 588 3275 suern,
613 3232 728 3263 eum
743 3234 851 3292 pon
870 3234 1006 3282 posse
1025 3217 1241 3271 invitum
1255 3222 1311 3272 in
1335 3223 1489 3291 patris
1507 3225 1753 3277 familiam
1774 3239 1825 3277 et
1840 3238 2003 3295 potes·

408 3287 555 3326 tatem
584 3282 779 3328 redum.
812 3282 847 3329 '1
857 3283 968 3331 'um-

479 3354 544 3430 (Ρ
567 3358 586 3419 )
618 3360 876 3411 8111)ᾶίῑὶᾱὶ
899 3376 952 3439 pt
987 3368 1307 3437 sycophanta
1322 3407 1339 3439 ‚
1366 3382 1417 3424 et
1438 3372 1571 3424 malo
1594 3372 1711 3425 dolo
1740 3376 2001 3427 subornati

406 3418 474 3473 ad
498 3422 853 3479 intendendam
875 3428 1032 3481 luem.
