2175 3809
399 307 448 371 6
1029 310 1218 373 Lus.
1281 308 1335 373 Ι.

403 417 659 463 omnes.
681 393 855 481 Quis
875 394 1060 464 enim
1099 402 1199 481 (ι)
1224 396 1427 465 modo
1442 395 1527 465 de
1554 400 1760 483 justa,
1790 420 1985 489 aequo

402 507 482 555 'ac
525 483 708 554 bono
737 540 754 568 ‚
800 511 937 555 non
989 500 1057 555 et
1104 488 1213 558 vir
1255 488 1584 579 pessimus
1620 488 1984 581 loquitur?

399 577 575 665 Quis
643 602 785 645 non
857 578 1065 647 etiam
1132 579 1543 649 rusticorum
1602 579 1830 672 aliqua
1895 580 1981 651 de

400 668 620 737 causis
649 666 1078 737 naturalibus
1105 670 1346 763 quaerit
1367 679 1393 739 't'
1416 678 1589 740 Nam
1614 670 1981 743 verborum

395 759 780 852 proprietas
845 786 922 829 ac
987 760 1432 847 differentia,
1488 762 1807 831 omnibus
1859 762 1981 854 qui

383 874 782 920 -sermonem
817 876 994 921 curae
1035 848 1339 938 habent,
1382 853 1586 923 dehet
1620 878 1761 921 esse
1798 879 1985 922 com-
2030 878 2033 883 ·

394 941 647 1011 munis.
671 942 804 1013 Sed
831 969 910 1011 ea
939 956 1009 1011 et
1035 944 1201 1013 sciet
1238 946 1491 1037 optime
1520 958 1587 1014 et
1620 944 1727 1013 elo
1768 957 1983 1014 *uetur

397 1046 628 1103 orator
652 1088 669 1117 ,
709 1034 826 1127 qui
853 1035 908 1103 si
944 1035 1182 1105 fuisset
1206 1036 1580 1129 aliquando
1603 972 1979 1129 persseetuffi

395 1146 540 1195 non
613 1154 653 1212 a
737 1125 1306 1219 philosophorum
1382 1128 1633 1197 scholis
1701 1127 1985 1197 virtutis·

393 1230 736 1311 praecepta
795 1230 1196 1311 peterentur
1246 1248 1263 1288 ε
1314 1245 1500 1289 nunc
1548 1244 1819 1289 necesse
1878 1229 1984 1288 est

394 1308 482 1379 ad
516 1336 630 1379 eos
669 1308 1049 1403 aliquando
1078 1324 1390 1381 auctores
1436 1336 1785 1380 recurrere
1807 1362 1825 1393 ‚
1858 1310 1979 1415 qui

332 1412 336 1417 '
389 1398 726 1470 desertam
748 1454 767 1485 .,
807 1414 882 1470 ut
917 1400 1056 1469 dixi
1078 1454 1098 1485 .‚
1133 1416 1398 1494 partem
1432 1401 1744 1479 orato-riae
1778 1414 1977 1485 artis,

383 1490 740 1561 meliorem
811 1490 1184 1584 praesertim
1226 1505 1758 1583 ‚occupaverunt
1816 1546 1836 1578 ‚
1909 1506 1980 1561 et

384 1583 603 1653 veluti
677 1596 986 1653 nostrum
1050 1609 1407 1676 reposcere
1438 1608 1461 1669 3
1517 1610 1659 1653 non
1712 1596 1788 1653 ut
1847 1610 1981 1654 nos

384 1670 664 1745 illorum
725 1687 999 1744 utamur
1058 1676 1363 1759 inventis
1410 1728 1429 1760 .,
1496 1673 1632 1759 sed=
1676 1686 1755 1746 ut
1817 1674 1983 1747 illos

384 1766 632 1837 alienis
671 1792 826 1837 usos
877 1793 1019 1837 esse
1064 1766 1452 1837 doceamus,

473 1860 575 1929 'sit
620 1859 835 1954 igitur
881 1870 1115 1929 orator
1160 1858 1263 1929 vir
1310 1858 1469 1929 talis
1499 1911 1519 1941 ‚
1558 1855 1780 1951 qualis
1810 1880 1973 1927 vere

381 1952 652 2044 ,sapiens
725 1950 1054 2043 appellari
1126 1951 1341 2043 possit
1376 2004 1393 2033 ‚
1455 1968 1597 2019 ‘nec
1664 1947 1976 2020 moribus

383 2042 592 2112 modo
659 2042 1003 2134 perfectus
1063 2047 1275 2123 (nam
1338 2040 1410 2109 id
1476 2065 1625 2109 mea
1690 2038 1979 2133 quidem

381 2134 752 2226 opinione,
784 2156 1176 2225 quanquam
1204 2132 1341 2201 sint
1374 2131 1492 2225 qui
1528 2130 1975 2217 dissentiant,

383 2224 545 2295 satis
616 2246 756 2293 non
821 2230 980 2309 est)
1051 2220 1170 2293 sed
1236 2224 1443 2293 etiam
1508 2222 1794 2295 scientia
1827 2275 1847 2307 ‚
1904 2235 1977 2293 et

381 2316 570 2387 omni
605 2312 934 2387 facultate
969 2314 1284 2397 dicendi,
1318 2315 1541 2409 qualis
1574 2313 1797 2383 a'dhuc
1832 2311 1977 2384 sor-

365 2420 558 2487 ‚tasse
602 2432 803 2477 nemo
859 2406 1088 2479 fuerit.
1146 2407 1279 2477 Sed
1328 2434 1469 2477 non
1519 2404 1677 2476 ideo
1739 2404 1973 2475 minus

373 2498 586 2569 'nobis
651 2499 737 2569 ad
790 2524 1052 2569 summa
1104 2498 1530 2569 tendendum
1585 2510 1734 2585 est,
1780 2498 1975 2591 quod

381 2592 695 2661 fecerunt
729 2590 1038 2684 plerique
1071 2602 1417 2674 veterum,
1452 2588 1602 2683 qui,
1640 2588 1764 2659 etsi
1798 2615 1977 2659 non-

380 2683 545 2753 dum
596 2708 1004 2776 quemquam
1050 2681 1428 2774 sapientem
1464 2693 1812 2773 repertum
1846 2706 1975 2775 pu-

312 2822 320 2825 -
375 2774 656 2859 tabant,
701 2786 1036 2869 praecepta
1076 2786 1303 2843 tamen
1358 2771 1722 2865 sapientiae
1754 2772 1973 2843 tradi-

378 2867 652 2939 derunt.
695 2872 866 2935 Nam
931 2877 1032 2934 est
1082 2878 1264 2933 certe
1314 2864 1576 2957 aliquid
1628 2889 1971 2933 consum-

376 2973 558 3029 mata
585 2957 976 3049 eloquentia
999 3010 1016 3041 .‚
1053 2982 1273 3046 neque
1302 2956 1387 3025 ad
1420 2982 1567 3024 eam
1602 2955 1967 3047 pervenire

377 3064 624 3122 natura
659 3047 944 3119 humani
983 3048 1245 3138 ingenii
1280 3046 1642 3139 prohibet:
1680 3046 1869 3140 quod
1907 3048 1964 3117 si

375 3166 520 3211 non
542 3141 944 3233 contingat,
983 3138 1188 3208 altius
1226 3152 1455 3208 tamen
1487 3138 1688 3207 ibunt
1718 3138 1834 3231 qui
1874 3138 1973 3209 ad-

379 3258 641 3303 summa
689 3234 998 3303 nitentur
1026 3284 1048 3317 ‚
1094 3256 1300 3323 quam
1341 3230 1503 3323 qui,
1551 3242 1965 3322 praesumpta

401 3441 414 3452 ·
443 3372 502 3441 (ι
526 3373 566 3477 )7
578 3373 706 3441 Quis
741 3391 874 3425 nune
906 3390 1013 3427 uon
1041 3373 1267 3441 loquitur
1284 3372 1347 3425 de
1374 3370 1501 3439 justo
1518 3410 1537 3441 ,
1563 3370 1713 3423 etiam
1752 3372 1831 3424 vir
1852 3390 1966 3441 pes·

375 3450 530 3493 tamuz
547 3478 562 3491 .
1422 3448 1447 3473 r
