2175 3809
507 313 514 319 ’
615 298 746 380 De
807 308 1415 381 PAn‘rrwtonn.
1694 311 1827 380 ‘235

333 410 416 473 1.·
449 390 603 473 Hac
656 420 660 427 ·
711 403 937 471 uidam
1002 402 1331 471 utendum
1378 401 1643 495 semper
1686 428 1832 494 pu-
1944 485 1951 494 ι

240 507 441 580 tant3
507 515 642 587 quo
735 520 814 563 ea
849 506 915 562 et
947 493 1066 561 fiat
1116 518 1321 564 causa
1358 494 1696 579 lucidior,
1758 506 1829 563 et

241 587 451 677 judex
493 586 826 655 intentior
860 610 938 654 ac
967 584 1313 668 docilior,
1362 587 1427 655 si'
1453 588 1722 668 scierit,
1760 597 1829 653 et

248 678 332 747 de
369 702 510 768 quo
541 677 868 763 dicimm,
917 676 1103 745 etde
1138 702 1273 767 quo
1307 676 1557 746 dicturi
1594 690 1827 770 postea

243 791 499 837 sumus.
567 774 828 836 Rursus
889 767 1166 859 quidam
1230 768 1689 859 periculosum
1754 769 1823 839 id

247 858 506 929 oratori
529 858 951 927 arbitrantur
980 859 1245 929 duabus
1270 882 1347 928 e‘x
1374 862 1616 947 causis;
1642 861 1829 955 quod

245 966 748 1041 nonnunquam
803 960 873 1018 et
933 950 1241 1020 excidere
1288 950 1551 1020 soleant
1584 1006 1601 1036 ‚
1674 971 1827 1044 ‘quae

246 1041 733 1133 promisimus3
797 1052 911 1124 et,
989 1043 1044 1111 si
1114 1066 1246 1133 qua
1320 1043 1391 1111 in
1467 1044 1828 1134 partiendo

245 1131 772 1223 praeterierimus
793 1184 810 1213 ,
852 1138 880 1213 (
913 1141 991 1218 1)
1031 1157 1410 1203 occurrere.
1438 1134 1643 1221 Quod
1676 1135 1827 1227 qui-

249 1224 404 1291 dem
451 1222 710 1291 nemini
750 1222 1048 1305 accidit,
1115 1224 1245 1293 nisi
1304 1224 1421 1315 qui
1478 1226 1677 1315 plane
1718 1228 1826 1297 vel

247 1314 446 1382 nulio
505 1314 715 1383 fuerit
769 1313 1052 1407 ingenio
1096 1366 1115 1397 ‚
1178 1314 1291 1383 vel
1341 1313 1425 1383 ad
1484 1317 1823 1408 agendum

247 1404 425 1474 nihil
491 1404 770 1497 cogitati
837 1404 1423 1497 praemeditatique
1478 1406 1825 1478 detulerit.

244 1495 528 1589 Alioqui
573 1520 716 1587 quae
765 1507 902 1564 tam
944 1497 1301 1565 manifesta
1342 1510 1409 1565 et
1452 1496 1679 1568 lucida
1726 1514 1833 1570 est

245 1586 428 1657 ratio
454 1639 474 1671 ,
525 1610 728 1678 quam
779 1599 978 1655 rectae
1017 1592 1456 1677 partitionis?
1502 1592 1828 1683 Sequitur

249 1678 440 1747 enim
487 1690 800 1747 naturam
841 1676 1084 1747 ducem
1117 1706 1133 1747 z
1168 1678 1339 1748 adeo
1371 1691 1447 1747 ut
1486 1684 1829 1752 memoriae

247 1768 321 1839 id
343 1768 707 1839 maximum
735 1767 1170 1840 sit-auxilium
1195 1820 1215 1856 ‚
1238 1769 1350 1841 via
1382 1768 1656 1854 dicendi
1682 1798 1825 1842 non

248 1860 604 1953 decedere.
633 1868 1070 1953 Quapropter
1093 1887 1177 1931 ne
1204 1861 1359 1931 illos
1378 1861 1652 1952 quidem
1676 1880 1828 1953 pro·
1886 1868 1891 1871 ’

244 1950 572 2032 Βᾶνθτίηι,
589 1952 702 2045 qui
716 1957 1483 2043 partitionem(2)vetant
1496 1951 1675 2020 ‘ultra
1692 1965 1829 2021 tres
1872 1989 1879 1992 ·

240 2046 724 2135 propositiones
759 2042 1143 2127 extendere}
1180 2050 1347 2131 Quae
1388 2042 1535 2111 sine
1573 2042 1785 2113 dubio
1810 2096 1831 2127 ‚

248 2134 304 2203 si
340 2134 630 2202 nimium
665 2134 752 2202 sit
785 2134 1405 2227 multiplex‚-fugiet
1430 2134 1826 2205 memoriam

166 2240 169 2247 ’
245 2223 539 2313 judicis,
575 2237 643 2293 et
685 2224 991 2295 turbabit
1027 2226 1504 2295 intentionem.
1539 2231 1695 2295 Hoc
1726 2238 1827 2295 ta-

244 2340 406 2384 men
432 2340 719 2384 numero
736 2316 939 2391 zvelut
965 2316 1111 2408 lege
1140 2342 1279 2386 non
1307 2329 1407 2385 est
1439 2315 1779 2411 alliganda
1800 2368 1821 2403 ‚

245 2432 403 2476 cum
443 2408 654 2497 possit
681 2422 909 2477 'causa
950 2407 1179 2499 plures
1228 2406 1637 2477 desiderare.

340 2497 499 2565 Alia
537 2498 698 2587 sunt
727 2498 972 2590 magis,
1004 2511 1282 2590 propter
1308 2522 1455 2590 quae
1472 2502 1831 2589 partitione

244 2613 391 2657 non
443 2614 710 2681 semper
750 2585 840 2657 sit
881 2589 1237 2657 utendum.
1270 2587 1573 2659 Primum
1602 2642 1619 2672 ‚
1650 2588 1835 2679 ¹quia⁴

245 2678 574 2771 pleraque
606 2680 904 2771 gratiora
937 2692 1099 2749 sunt
1120 2732 1138 2765 ‚
1176 2680 1229 2748 si
1268 2680 1551 2749 inventa
1574 2678 1831 2764 subito,-

241 2772 378 2840 nec
411 2770 616 2839 domo
651 2769 854 2839 allata
881 2823 901 2853 .,
957 2772 1075 2840 sed
1126 2772 1309 2839 inter
1339 2766 1707 2841 dicendu'm
1748 2794 1828 2837 ex

245 2885 320 2930 re
355 2862 497 2953 ipsa
523 2874 696 2930 nata
735 2860 1121 2931 videantur.
1147 2860 1349 2931 Unde
1394 2861 1510 2930 illa
1553 2884 1693 2929 non
1728 2858 1832 2927 in-

243 2952 550 3041 jucunda
585 2952 965 3022 schemata:
1001 2956 1173 3023 Pene
1202 2953 1459 3023 excidit·
1482 2948 1687 3022 milzi:
1718 2962 1785 3017 et
1806 3002 1827 3034 ‚

242 3042 544 3133 Fugerat
564 3069 665 3111 me
689 3070 710 3112 .·
737 3054 806 3111 et
824 3096 842 3126 ‚
875 3048 1066 3114 Recte
1087 3044 1425 3114 admones.
1450 3038 1837 3143 Propositis

241 3134 432 3203 enim
482 3134 1030 3224 probationibus,
1081 3133 1304 3203 omnis
1357 3132 1426 3201 in
1479 3130 1837 3221 rehquum'

240 3225 822 3317 gratia‘novitatis
849 3224 1309 3317 praecerpitur.
1350 3220 1635 3293 Interim
1664 3244 1827 3295 vero

353 3382 372 3413 1
454 3362 628 3415 Judici
657 3364 733 3413 vel
761 3363 994 3416 auditori.

311 3364 496 3497 issi-¹·
527 3428 730 3484 Rhetor.
763 3445 838 3497 ¹7·
