2175 3809
434 287 623 370 VrsA
669 285 772 352 Μ.
819 285 1020 352 ΡΑΒΠ
1067 287 1325 372 Quint.
1510 309 1675 360 xxxv

142 375 638 444 enimGaesaris
663 388 993 467 nepotum
1047 401 1213 450 cura
1254 377 1317 445 ei
1366 374 1677 470 delegata
1736 439 1749 446 -

139 465 296 535 suit.
327 465 738 558 Disciplinae
786 467 932 554 ejus
965 465 1493 572 castigatissimae
1536 469 1679 561 ple-

139 558 500 627 nissimum
548 556 1018 627 testimonium
1051 563 1257 628 Caius
1290 558 1535 628 Caelius
1579 559 1681 631 af-

139 648 310 734 fert,
332 648 454 740 qui
488 648 616 718 sub
650 647 768 718 'tali
795 661 1208 743 praeceptore
1238 661 1505 720 tantum
1527 675 1680 742 pro·

141 737 303 810 fecit
327 791 346 824 ,
383 752 461 809 ut
495 739 602 810 sui
633 739 958 832 temporis
991 754 1297 811 oratores
1332 739 1533 811 facile
1564 767 1680 812 su·

187 831 505 902 eraverit.
537 831 757 900 Duxit
789 857 1068 902 uxorem
1100 857 1180 902 ex
1212 831 1434 902 nobili
1479 833 1678 905 fami-

141 855 232 992 fia
259 974 278 1008 ,
326 948 408 991 ex
491 948 576 991 ua
611 921 867 994 liberos
909 924 1208 1018 suscepit
1240 951 1256 994 ε
1290 950 1437 1017 quae
1486 948 1677 994 acer-

137 949 744 1084 bissima‘aatorum
778 1025 956 1084 sorte
993 1015 1064 1085 in
1102 1014 1323 1109 primo
1352 1019 1678 1105 juventu-

137 1103 227 1174 tis
264 1103 430 1174 flore
457 1118 653 1197 rapta
687 1104 838 1175 fuit.
887 1106 1205 1176 Alterum
1257 1129 1339 1176 ex
1387 1104 1625 1176 liberis
1654 1159 1677 1192 ,

140 1197 296 1266 cum
323 1195 580 1266 librum
604 1197 689 1268 de
727 1197 948 1267 causis
975 1208 1311 1288 corruptae
1346 1195 1455 1266 elo
1507 1222 1681 1266 uen-

137 1284 252 1357 tiae
283 1286 648 1374 edidisset,
679 1287 948 1358 amisit:
993 1301 1229 1383 postea
1263 1287 1419 1357 cum
1444 1312 1477 1355 r
1530 1299 1679 1358 eto-

137 1377 318 1448 rices
373 1378 587 1449 libros
639 1379 1018 1464 scriberet,
1070 1386 1205 1465 (1)
1266 1377 1677 1450 Marcellum

137 1468 422 1540 unicum
458 1471 760 1562 parentis
787 1471 1020 1541 lumen
1049 1497 1128 1541 ac
1154 1469 1474 1541 solatium
1505 1495 1675 1564 rogo

136 1559 368 1644 dedit,
413 1562 602 1632 testis
657 1561 798 1654 ipse
850 1563 1086 1632 infelix
1144 1587 1347 1632 senex
1396 1585 1675 1636 suarum

137 1649 614 1811 lacymarum.
641 1657 808 1744 Ejus
850 1652 1064 1724 filiola
1105 1677 1184 1722 ex
1216 1651 1349 1722 alia
1398 1659 1519 1736 (ut
1566 1655 1670 1739 (2)

135 1768 250 1816 cre

134 1833 278 1902 filia
303 1887 322 1919 ,
363 1835 630 1926 genita,
669 1836 902 1927 nupsit
939 1835 1159 1905 Novio
1200 1833 1471 1916 Celeri,
1519 1834 1672 1904 viro

137 1925 353 1994 claro.
378 1932 534 2014 Quo
567 1939 872 2018 tempore
907 1924 1310 2008 decesserit,
1332 1925 1673 1994 affirmare

134 2042 280 2085 non
312 2017 570 2105 auden,
603 2019 931 2111 quoniam
975 2018 1034 2090 is
1074 2016 1194 2114 qui
1226 2013 1476 2103 tradit,
1535 2013 1673 2086 fide

135 2120 348 2178 caret.
395 2121 400 2124 '
1045 2127 1050 2134 “

205 2263 284 2342 (1)
322 2264 504 2314 Fabius
529 2262 586 2313 in
613 2265 900 2332 praefatione
922 2267 1013 2320 lib.
1032 2269 1129 2320 vl.
1156 2265 1325 2318 filium
1350 2264 1492 2316 hune
1526 2263 1675 2320 nium

132 2344 368 2384 nommat
392 2329 784 2398 Quintilianum.

205 2397 288 2465 (2)
329 2396 556 2447 Dubitari
573 2409 732 2464 potest
750 2410 917 2450 utrum
943 2399 1146 2467 epistola
1172 2395 1333 2449 Plinii
1354 2429 1373 2455 ‚
1402 2395 1493 2448 ubi
1524 2413 1671 2458 men-

133 2462 206 2513 tio
221 2461 474 2513 tithan-nm
498 2480 570 2512 nu
609 2463 788 2514 tiorum
819 2464 840 2531 (
861 2476 930 2514 est
949 2477 1115 2518 nutem
1138 2463 1221 2518 32·
1241 2462 1333 2522 lib,
1351 2459 1473 2530 6.),
1487 2462 1671 2532 scripta

135 2527 200 2588 sit
221 2529 292 2582 ad
323 2541 545 2586 nostrum
649 2529 955 2584 iutilianum.

305 1751 392 1828 ο)
433 1744 995 1830 uxore,'Tutilii
1046 1743 1315 1838 Equitis
1373 1743 1672 1814 Romani
1750 1823 1755 1829 ¹
