2175 3809
757 315 1270 378 Pnooemnnw.
1580 329 1587 337 ·
1734 308 1773 377 5

194 415 397 495 atque
430 399 540 471 elo
591 413 830 469 uentes
863 399 1309 468 haberentur.
1341 396 1558 467 Scidit
1590 396 1781 467 dein-

193 494 274 563 de
319 520 392 565 se
436 426 778 576 studium,
819 504 1020 583 atque
1069 489 1321 560 inertia
1364 486 1615 559 factum
1650 500 1785 575 est,

191 597 264 654 ut
325 597 508 653 artes
566 608 709 655 esse
769 582 1001 676 plures
1066 580 1487 652 viderentur.
1546 588 1719 649 Nam
1762 632 1785 665 ‚

191 689 264 745 ut
310 676 616 767 primum
650 673 890 766 lingua
931 700 1073 743 esse
1110 674 1313 766 coepit
1362 672 1433 743 in
1480 684 1783 765 quaestu,

188 768 722 858 institutumque
755 765 1165 861 eloquentiae
1192 764 1394 835 bonis
1428 765 1603 833 male
1642 762 1781 849 uti,

189 883 424 929 euram
477 882 745 926 morum
775 911 795 942 ‚
845 856 962 949 qui
1011 856 1251 929 diserti
1304 855 1781 941 habebantur,

186 949 643 1042 reliquerunt.
665 954 764 1017 Ea
799 974 961 1018 vero
994 946 1346 1033 destituta,
1387 946 1785 1019 infirmiori·

191 1040 322 1125 bus
368 1039 672 1133 ingeniis
721 1038 910 1111 velut
945 1039 1186 1133 praedae
1236 1040 1389 1109 suit.
1428 1040 1595 1109 Inde
1638 1038 1784 1132 qui-

183 1131 340 1201 dam
367 1184 387 1216 ‚
422 1144 818 1223 contempto
850 1130 1030 1201 bene
1068 1129 1348 1201 dicendi
1382 1130 1617 1200 labore
1643 1183 1663 1215 ‚
1692 1128 1813 1199 ad*

183 1221 586 1305 formandos
662 1224 930 1295 animos
977 1222 1546 1315 ‘statuendasque
1628 1222 1781 1293 vitae

191 1313 379 1405 leges
417 1313 751 1419 regressi,
797 1326 1062 1407 partem
1096 1312 1375 1419 quidem
1404 1313 1783 1406 potiorem,

191 1407 300 1488 (si
372 1404 589 1475 div1di
619 1409 930 1511 posset),
1001 1418 1473 1491 retinuerunt3
1531 1430 1784 1477 nomen

183 1508 420 1568 tamen
457 1497 586 1566 sibi
617 1496 1227 1569 insolentissimum
1254 1510 1786 1590 arrogaverunt,

180 1600 288 1656 ut.
319 1587 453 1671 soli
524 1588 875 1681 sapientiae
933 1588 1226 1659 studiosi
1296 1603 1716 1661 vocarentur
1758 1618 1777 1660 ε

180 1678 370 1782 quod
426 1705 510 1787 ne
561 1706 648 1785 ue
695 1681 941 1771 summi
1003 1682 1496 1787 imperatores,
1553 1707 1779 1788 neque

185 1794 261 1837 in
317 1796 510 1840 consi
545 1796 650 1840 us.
674 1798 902 1845 rer-um
939 1798 1425 1858 maximarum,
1457 1798 1535 1843 ac
1566 1784 1780 1845 totius

181 1858 784 1933 administratione
835 1864 1231 1957 reipublicae
1268 1864 1781 1956 praeclarissime

173 1952 481 2038 versati,
517 1954 655 2025 sibi
692 1981 995 2049 unquam
1025 1952 1382 2027 vindicare
1420 1968 1579 2025 sunt
1607 1955 1780 2025 ausi.

174 2047 436 2113 Facere
488 2046 672 2115 enim
713 2048 971 2139 optima
997 2100 1018 2133 ‚
1073 2074 1278 2141 quam
1320 2048 1727 2141 promittere
1758 2101 1777 2139 ,

174 2133 598 2222 maluerunt.
633 2146 734 2207 Ac
758 2152 1066 2209 veterum
1102 2138 1381 2233 quidem
1424 2139 1777 2234 sapientiae

175 2226 646 2317 professorum
675 2229 928 2301 multos
955 2244 1030 2301 et.
1045 2231 1333 2303 honesta
1356 2258 1569 2324 praece
1606 2232 1779 2321 isse,

183 2328 250 2387 et
281 2371 302 2402 ‚
346 2330 426 2388 ut
463 2336 972 2415 praeceperunt,
1023 2324 1235 2394 etiam
1280 2322 1521 2393 vixisse
1572 2259 1773 2405 ,Facile

181 2412 675 2482 concesserim:
712 2422 814 2501 (1)
848 2414 1102 2484 nostris
1135 2438 1297 2486 vero
1326 2416 1773 2509 temporibuS‚

177 2500 300 2569 sub
331 2501 468 2571 hoc
487 2505 768 2595 nom’ine
801 2506 1091 2578 maxima
1122 2506 1193 2576 in
1220 2505 1565 2603 plerisque
1602 2509 1773 2584 vitia

174 2590 557 2663 latuerunt.
593 2603 756 2667 Non
813 2598 999 2687 enim
1041 2599 1299 2669 virtute
1352 2624 1431 2669 ac
1470 2601 1763 2686 studiis,

177 2695 250 2752 ut
299 2683 730 2761 haberentur
790 2689 1185 2795 philosophi
1224 2744 1242 2774 ,
1305 2689 1711 2763 laborabant
1750 2718 1767 2763 ε

179 2774 290 2853 sed
314 2776 588 2847 vultum
627 2794 694 2850 et
725 2780 1076 2863 tristitiam
1100 2836 1117 2865 ‚
1154 2795 1223 2851 et
1247 2780 1769 2857 dissentientem

176 2889 212 2932 a
245 2868 512 2937 caeteris
543 2869 857 2943 habitum
899 2874 1209 2967 pessimis
1252 2874 1558 2947 moribus
1606 2900 1769 2968 prae—

175 2958 575 3029 tendebant.

261 3072 470 3173 Nunc
513 3083 744 3141 autem
785 3098 934 3165 quae
963 3126 982 3159 ‚
1015 3073 1205 3144 velut
1238 3074 1514 3181 propri-a
1552 3070 1770 3165 philo·
1862 3062 1869 3069 ”

178 3157 430 3250 sophiae
476 3213 498 3246 ‚
562 3176 1016 3251 asseruntur,
1087 3192 1339 3259 passim
1399 3176 1767 3239 tractamus

193 3424 204 3433 .
244 3386 265 3452 (
283 3388 339 3453 ι)
373 3388 592 3442 Videtur
611 3376 718 3443 hae‘c
736 3395 990 3463 scripsisse
1002 3366 1191 3449 Fabius
1212 3393 1380 3461 ejectis
1405 3414 1469 3447 cx
1496 3400 1617 3450 urbe
1643 3396 1769 3452 Phi·
1832 3448 1839 3453 .

179 3451 392 3521 Mophis
421 3458 710 3511 Domitiani
737 3461 922 3513 edicto.
1282 3531 1357 3597 A

961 3546 971 3556 “
1404 3534 1455 3595 ’Ξ
