2175 3809
357 183 546 277 226‘
745 202 954 291 Lus.
1002 188 1135 269 IV.
1186 205 1362 270 Cn.
1413 206 1518 269 11.
1870 272 1875 275 ,

333 290 437 369 'tis
477 292 766 385 accipit,
801 286 1064 396 quibus
1104 302 1483 359 commotus
1538 292 1735 361 novis
1797 319 1945 363 non

331 383 454 471 'est
483 411 506 473 5
538 398 606 454 et
641 378 918 455 diffic1le
951 395 1050 452 est
1083 394 1346 452 mutare
1376 380 1693 454 habitum
1720 386 1940 454 animi

351 475 560 547 semel
595 476 1066 553 constitutum.

439 574 526 636 V.
557 572 704 660 Ego
740 591 898 637 vero
938 571 968 649 (
999 589 1220 657 neque
1256 563 1439 644 enim
1484 562 1939 635 dissimulabo

349 657 685 751 judicium
713 682 935 727 meum
965 684 980 725 z
1008 680 1397 749 quanquam
1419 654 1491 725 id
1512 709 1530 737 ,
1558 654 1749 749 quod
1788 682 1947 725 sum

355 750 703 834 dicturus,
739 747 1064 840 exemplis
1101 747 1348 839 magis»,
1387 772 1589 839 quam
1622 742 1959 839 praecep-'

335 839 446 909 '‘tis
499 840 658 909 ullis
707 840 1167 931 continetur)
1204 842 1690 923 narrationem,
1750 850 1829 907 ut
1882 838 1941 907 si

339 928 569 1001 'ullam
594 943 858 1023 partem
890 930 1258 1013 orationis,
1290 930 1509 1013 omni,
1536 956 1668 1021 qua
1690 942 1943 1022 potest,

339 1022 581 1115 'gratia
615 1035 686 1093 et
737 1048 983 1093 venere
1040 1020 1503 1111 exornandam
1557 1034 1747 1113 puto.
1804 1020 1951 1091 Sed·

339 1114 734 1207 'plurimum
766 1114 1008 1195 refert,
1043 1138 1189 1205 quae
1216 1112 1303 1181 sit
1338 1125 1583 1181 natura
1616 1115 1764 1199 ejus
1798 1112 1945 1197 rei,

359 1230 566 1299 quam
593 1204 1012 1298 exponimus.
1059 1210 1137 1272 ln
1170 1203 1392 1297 parvis
1450 1229 1651 1295 ergo,
1704 1203 1949 1295 quales

363 1310 530 1365 sunt
557 1298 694 1366 sere
730 1296 1050 1403 privatae,
1089 1294 1175 1363 sit
1210 1294 1323 1363 ille
1359 1292 1669 1385 pressus,
1714 1307 1783 1362 et
1812 1320 1947 1363 ve—

362 1386 469 1457 lut
507 1388 868 1480 applicitus
898 1388 994 1456 rei
1023 1386 1289 1471 cultus;
1319 1384 1641 1457 in'verbis
1680 1411 1950 1457 summa·

363 1477 751 1582 diligentia.
784 1486 950 1565 Quae
986 1478 1056 1548 in
1081 1476 1246 1547 locis
1280 1477 1538 1569 impetu
1590 1478 1949 1562 feruntur,

365 1580 437 1637 et
471 1574 917 1658 circumjectae
955 1567 1287 1637 orationis
1312 1569 1511 1661 copia
1537 1567 1782 1652 latent,
1829 1568 1950 1638 hic

343 1668 680 1751 'expressa
706 1713 724 1743 ,
775 1672 841 1729 et
869 1712 888 1751 ‚
923 1672 996 1728 ut
1045 1658 1192 1729 vult
1241 1664 1478 1744 Zeno,
1510 1684 1697 1729 sensu
1739 1663 1948 1731 tincta

369 1776 507 1822 esse
538 1752 898 1831 debebunt}
926 1749 1329 1843 compositio
1357 1749 1785 1821 dissimulata
1802 1752 1953 1845 qui-

371 1840 528 1913 dem
550 1896 568 1926 ‚
601 1842 719 1912 sed
749 1856 976 1913 tamen
995 1868 1196 1935 quam
1222 1842 1717 1939 jucundissima
1736 1868 1757 1926 5
1777 1842 1953 1947 figu-

367 1958 461 2003 rae
494 1988 513 2018 ‚
572 1960 712 2005 non
763 1934 894 2005 illae
943 1935 1262 2026 poeticae,
1310 1947 1375 2001 et
1428 1946 1666 2003 contra
1724 1946 1955 2003 ratio-

365 2052 529 2095 nem
558 2024 882 2119 loquendi
909 2023 1312 2095 auctoritate
1338 2037 1643 2095 veterum
1664 2038 1951 2117 receptae

369 2122 565 2199 (nam
597 2116 800 2186 debet
834 2142 974 2185 esse
1009 2142 1211 2209 quam
1232 2114 1633 2208 purissimus
1657 2125 1953 2203 sermo),

371 2220 444 2275 et
495 2207 611 2299 qui
646 2208 970 2278 varietate
1006 2206 1284 2276 taedium
1340 2208 1623 2299 effugiat
1646 2260 1671 2287 ,,
1712 2221 1781 2277 et
1806 2236 1951 2279 mu-

371 2297 756 2367 tationibus
814 2298 1121 2367 animum
1175 2298 1351 2367 levet
1388 2324 1410 2382 3
1493 2325 1577 2367 ne
1640 2298 1709 2367 in
1776 2326 1949 2369 eun-

357 2388 528 2483 'dem
576 2393 800 2459 casum
829 2441 848 2475 ‚
881 2389 1171 2459 similem
1226 2388 1637 2483 positionem
1664 2443 1685 2476 ‚
1751 2418 1955 2484 pares

337 2478 838 2549 ·elocutionum
924 2492 1181 2550 tractus
1260 2479 1663 2569 incidamus.
1747 2489 1953 2553 Caret

353 2572 562 2664 ⁴enim
602 2570 858 2641 caeteris
893 2571 1257 2642 lenociniis
1286 2578 1586 2662 exposito
1610 2626 1628 2656 ‚
1682 2586 1787 2658 et,
1818 2574 1953 2644 nisi

367 2661 887 2733 commendetur
920 2662 1048 2733 hac
1094 2677 1492 2747 venustate,
1543 2669 1761 2752 jaceat
1814 2694 1950 2736 ne-

356 2758 554 2823 ‘cesse
586 2766 712 2823 est.
760 2760 902 2823 Nec
941 2754 1012 2823 in
1059 2754 1196 2823 ulla
1234 2768 1425 2846 parte
1466 2756 1802 2827 intentior
1850 2772 1953 2827 est

351 2845 575 2935 'judex
608 2871 630 2930 5
687 2871 904 2937 eoque
953 2844 1131 2915 nihil
1188 2859 1367 2915 recte
1422 2846 1685 2916 dictum
1746 2850 1953 2940 perit.

365 2942 700 3007 Praeterea
727 2989 746 3021 ‚
781 2937 1010 3006 nescio
1053 2936 1435 3030 quomodo,
1484 2938 1693 3020 etiam
1726 2940 1951 3009 credit

367 3028 684 3113 faciliu5‚
732 3054 878 3121 quae
913 3026 1221 3097 audienti
1260 3028 1561 3117 jucunda
1609 3044 1819 3117 sunt,
1880 3045 1949 3101 et

367 3118 723 3211 voluptate
756 3118 841 3189 ad
873 3118 1074 3188 fidem
1104 3118 1400 3189 ducitur.

456 3210 590 3277 Ubi
626 3236 786 3280 vero
819 3215 1035 3297 major
1067 3236 1171 3279 res
1195 3212 1359 3296 erit3
1396 3224 1463 3280 et
1508 3211 1771 3287 atrocia
1830 3213 1947 3282 in-

363 3295 626 3367 vidiose
655 3351 676 3392 ,
704 3313 773 3369 et
804 3301 1025 3371 tristia
1059 3302 1545 3373 miserabiliter
1598 3304 1831 3377 dicere
1868 3304 1951 3374 li·

838 3410 860 3434 ο
1063 3416 1070 3424 ·
1470 3412 1479 3420 ·
