<?xml version="1.0" encoding="UTF-8"?>
<!DOCTYPE html PUBLIC "-//W3C//DTD XHTML 1.0 Transitional//EN"
    "http://www.w3.org/TR/xhtml1/DTD/xhtml1-transitional.dtd">
<html xmlns="http://www.w3.org/1999/xhtml" xml:lang="en" lang="en">
 <head>
  <title>
</title>
<meta http-equiv="Content-Type" content="text/html;charset=utf-8" />
  <meta name='ocr-system' content='tesseract 3.04.00' />
  <meta name='ocr-capabilities' content='ocr_page ocr_carea ocr_par ocr_line ocrx_word'/>
</head>
<body>
  <div class='ocr_page' id='page_1' title='image "./mfabiiquintilia20quingoog_0096.png"; bbox 0 0 2175 3809; ppageno 0'>
   <div class='ocr_carea' id='block_1_1' title="bbox 34 647 45 1042">
    <p class='ocr_par' dir='ltr' id='par_1_1' title="bbox 34 647 45 1042">
     <span class='ocr_line' id='line_1_1' title="bbox 34 647 45 1042; textangle 90"><span class='ocrx_word' id='word_1_1' title='bbox 35 1023 37 1042; x_wconf 73' lang='grc'><strong>,.</strong></span> <span class='ocrx_word' id='word_1_2' title='bbox 35 979 37 1012; x_wconf 82' lang='grc'><strong>--</strong></span> <span class='ocrx_word' id='word_1_3' title='bbox 35 955 37 964; x_wconf 74' lang='grc'><strong>,,</strong></span> <span class='ocrx_word' id='word_1_4' title='bbox 34 789 39 931; x_wconf 45' lang='grc' dir='ltr'><strong>-ὴή</strong></span> <span class='ocrx_word' id='word_1_5' title='bbox 34 671 45 778; x_wconf 54' lang='grc'>.,,-,</span> <span class='ocrx_word' id='word_1_6' title='bbox 35 647 37 658; x_wconf 85' lang='grc'>-</span> 
     </span>
    </p>
   </div>
   <div class='ocr_carea' id='block_1_2' title="bbox 389 285 1620 418">
    <p class='ocr_par' dir='ltr' id='par_1_2' title="bbox 389 285 1620 418">
     <span class='ocr_line' id='line_1_2' title="bbox 389 285 1620 418; baseline -0.002 -12"><span class='ocrx_word' id='word_1_7' title='bbox 389 357 408 384; x_wconf 90' lang='lat'><strong>·-</strong></span> <span class='ocrx_word' id='word_1_8' title='bbox 438 325 529 418; x_wconf 56' lang='lat'><strong>13</strong></span> <span class='ocrx_word' id='word_1_9' title='bbox 828 339 1013 406; x_wconf 69' lang='grc' dir='ltr'><strong>ιη.</strong></span> <span class='ocrx_word' id='word_1_10' title='bbox 1058 341 1110 405; x_wconf 92' lang='lat'><strong>1.</strong></span> <span class='ocrx_word' id='word_1_11' title='bbox 1165 285 1350 406; x_wconf 56' lang='lat' dir='ltr'><strong>cuss</strong></span> <span class='ocrx_word' id='word_1_12' title='bbox 1399 341 1620 406; x_wconf 83' lang='lat' dir='ltr'><strong>vm.</strong></span> 
     </span>
    </p>
   </div>
   <div class='ocr_carea' id='block_1_3' title="bbox 436 421 2026 1242">
    <p class='ocr_par' dir='ltr' id='par_1_3' title="bbox 436 421 2026 1242">
     <span class='ocr_line' id='line_1_3' title="bbox 436 421 2018 531; baseline 0.003 -41"><span class='ocrx_word' id='word_1_13' title='bbox 436 421 723 494; x_wconf 83' lang='lat' dir='ltr'><strong>busdam</strong></span> <span class='ocrx_word' id='word_1_14' title='bbox 760 445 779 511; x_wconf 82' lang='lat'><strong>.,&#39;</strong></span> <span class='ocrx_word' id='word_1_15' title='bbox 823 437 968 494; x_wconf 81' lang='lat' dir='ltr'><strong>tum</strong></span> <span class='ocrx_word' id='word_1_16' title='bbox 1028 426 1365 531; x_wconf 68' lang='lat' dir='ltr'><strong>praecipue</strong></span> <span class='ocrx_word' id='word_1_17' title='bbox 1422 427 1494 496; x_wconf 88' lang='lat' dir='ltr'><strong>in</strong></span> <span class='ocrx_word' id='word_1_18' title='bbox 1555 425 1861 507; x_wconf 81' lang='lat' dir='ltr'><strong>Timae0‚</strong></span> <span class='ocrx_word' id='word_1_19' title='bbox 1925 449 2018 494; x_wconf 84' lang='lat' dir='ltr'><strong>ne</strong></span> 
     </span>
     <span class='ocr_line' id='line_1_4' title="bbox 438 513 2026 610; baseline 0.002 -28"><span class='ocrx_word' id='word_1_20' title='bbox 438 513 735 608; x_wconf 80' lang='lat' dir='ltr'><strong>intelligi</strong></span> <span class='ocrx_word' id='word_1_21' title='bbox 794 517 1071 609; x_wconf 82' lang='lat' dir='ltr'><strong>quidem</strong></span> <span class='ocrx_word' id='word_1_22' title='bbox 1105 571 1125 601; x_wconf 87' lang='lat'>‚</span> <span class='ocrx_word' id='word_1_23' title='bbox 1189 520 1322 588; x_wconf 77' lang='lat' dir='ltr'><strong>nisi</strong></span> <span class='ocrx_word' id='word_1_24' title='bbox 1381 518 1465 587; x_wconf 87' lang='lat' dir='ltr'><strong>ab</strong></span> <span class='ocrx_word' id='word_1_25' title='bbox 1517 518 1599 587; x_wconf 90' lang='lat' dir='ltr'><strong>iis</strong></span> <span class='ocrx_word' id='word_1_26' title='bbox 1653 516 1770 610; x_wconf 85' lang='lat' dir='ltr'><strong>qui</strong></span> <span class='ocrx_word' id='word_1_27' title='bbox 1829 515 2026 585; x_wconf 83' lang='lat' dir='ltr'><strong>hanc</strong></span> 
     </span>
     <span class='ocr_line' id='line_1_5' title="bbox 437 608 2023 700; baseline -0.001 -25"><span class='ocrx_word' id='word_1_28' title='bbox 437 629 707 699; x_wconf 87' lang='lat' dir='ltr'><strong>quoque</strong></span> <span class='ocrx_word' id='word_1_29' title='bbox 738 623 999 700; x_wconf 85' lang='lat' dir='ltr'><strong>partem</strong></span> <span class='ocrx_word' id='word_1_30' title='bbox 1032 608 1412 700; x_wconf 86' lang='lat' dir='ltr'><strong>disciplinae</strong></span> <span class='ocrx_word' id='word_1_31' title='bbox 1457 609 1826 700; x_wconf 81' lang='lat' dir='ltr'>diligenter</span> <span class='ocrx_word' id='word_1_32' title='bbox 1862 631 2023 698; x_wconf 87' lang='lat' dir='ltr'><strong>per-</strong></span> 
     </span>
     <span class='ocr_line' id='line_1_6' title="bbox 438 696 2024 791; baseline 0.001 -27"><span class='ocrx_word' id='word_1_33' title='bbox 438 698 745 788; x_wconf 86' lang='lat' dir='ltr'><strong>ceperint</strong></span> <span class='ocrx_word' id='word_1_34' title='bbox 776 697 825 783; x_wconf 69' lang='lat'><strong>‚¹</strong></span> <span class='ocrx_word' id='word_1_35' title='bbox 870 711 1113 790; x_wconf 83' lang='lat' dir='ltr'><strong>potest.</strong></span> <span class='ocrx_word' id='word_1_36' title='bbox 1182 699 1371 786; x_wconf 87' lang='lat' dir='ltr'>Quid</span> <span class='ocrx_word' id='word_1_37' title='bbox 1433 698 1518 783; x_wconf 83' lang='lat' dir='ltr'><strong>de</strong></span> <span class='ocrx_word' id='word_1_38' title='bbox 1584 696 2024 791; x_wconf 87' lang='lat' dir='ltr'><strong>philosophis</strong></span> 
     </span>
     <span class='ocr_line' id='line_1_7' title="bbox 438 785 2023 883; baseline 0.001 -28"><span class='ocrx_word' id='word_1_39' title='bbox 438 785 727 878; x_wconf 83' lang='lat' dir='ltr'><strong>loquor,</strong></span> <span class='ocrx_word' id='word_1_40' title='bbox 778 813 1069 880; x_wconf 85' lang='lat' dir='ltr'><strong>quorum</strong></span> <span class='ocrx_word' id='word_1_41' title='bbox 1126 789 1280 860; x_wconf 84' lang='lat' dir='ltr'><strong>fons</strong></span> <span class='ocrx_word' id='word_1_42' title='bbox 1323 790 1464 883; x_wconf 87' lang='lat' dir='ltr'><strong>ipse</strong></span> <span class='ocrx_word' id='word_1_43' title='bbox 1510 797 1818 859; x_wconf 85' lang='lat' dir='ltr'>Socrates</span> <span class='ocrx_word' id='word_1_44' title='bbox 1878 791 2023 873; x_wconf 81' lang='lat' dir='ltr'><strong>jam</strong></span> 
     </span>
     <span class='ocr_line' id='line_1_8' title="bbox 436 879 2025 973; baseline 0.001 -26"><span class='ocrx_word' id='word_1_45' title='bbox 436 899 642 947; x_wconf 78' lang='lat' dir='ltr'><strong>senex</strong></span> <span class='ocrx_word' id='word_1_46' title='bbox 678 879 945 950; x_wconf 84' lang='lat' dir='ltr'><strong>institui</strong></span> <span class='ocrx_word' id='word_1_47' title='bbox 988 880 1135 973; x_wconf 86' lang='lat' dir='ltr'><strong>lyra</strong></span> <span class='ocrx_word' id='word_1_48' title='bbox 1174 905 1316 950; x_wconf 86' lang='lat' dir='ltr'><strong>non</strong></span> <span class='ocrx_word' id='word_1_49' title='bbox 1347 879 1836 952; x_wconf 84' lang='lat' dir='ltr'><strong>erubescebat?</strong></span> <span class='ocrx_word' id='word_1_50' title='bbox 1871 884 2025 948; x_wconf 87' lang='lat' dir='ltr'><strong>Du-</strong></span> 
     </span>
     <span class='ocr_line' id='line_1_9' title="bbox 438 969 2023 1062; baseline 0 -24"><span class='ocrx_word' id='word_1_51' title='bbox 438 993 551 1038; x_wconf 86' lang='lat' dir='ltr'><strong>ces</strong></span> <span class='ocrx_word' id='word_1_52' title='bbox 600 971 922 1062; x_wconf 85' lang='lat' dir='ltr'><strong>maximos</strong></span> <span class='ocrx_word' id='word_1_53' title='bbox 958 985 1025 1040; x_wconf 86' lang='lat' dir='ltr'><strong>et</strong></span> <span class='ocrx_word' id='word_1_54' title='bbox 1057 969 1310 1041; x_wconf 83' lang='lat' dir='ltr'><strong>fidibus</strong></span> <span class='ocrx_word' id='word_1_55' title='bbox 1353 986 1420 1040; x_wconf 80' lang='lat' dir='ltr'><strong>et</strong></span> <span class='ocrx_word' id='word_1_56' title='bbox 1461 970 1651 1042; x_wconf 82' lang='lat' dir='ltr'><strong>tibiis</strong></span> <span class='ocrx_word' id='word_1_57' title='bbox 1686 969 2023 1040; x_wconf 78' lang='lat' dir='ltr'><strong>cecinisse</strong></span> 
     </span>
     <span class='ocr_line' id='line_1_10' title="bbox 438 1059 2024 1146; baseline -0.001 -16"><span class='ocrx_word' id='word_1_58' title='bbox 438 1059 767 1130; x_wconf 78' lang='lat' dir='ltr'><strong>traditum</strong></span> <span class='ocrx_word' id='word_1_59' title='bbox 793 1115 812 1146; x_wconf 81' lang='lat'>‚</span> <span class='ocrx_word' id='word_1_60' title='bbox 861 1074 928 1130; x_wconf 82' lang='lat' dir='ltr'><strong>et</strong></span> <span class='ocrx_word' id='word_1_61' title='bbox 969 1063 1304 1132; x_wconf 73' lang='lat' dir='ltr'><strong>exercitus</strong></span> <span class='ocrx_word' id='word_1_62' title='bbox 1337 1061 2024 1132; x_wconf 68' lang='lat' dir='ltr'><strong>Lacedaemoniorum</strong></span> 
     </span>
     <span class='ocr_line' id='line_1_11' title="bbox 440 1149 2026 1242; baseline 0.001 -22"><span class='ocrx_word' id='word_1_63' title='bbox 440 1151 717 1222; x_wconf 75' lang='lat' dir='ltr'><strong>musicis</strong></span> <span class='ocrx_word' id='word_1_64' title='bbox 742 1178 1059 1222; x_wconf 86' lang='lat' dir='ltr'><strong>accensos</strong></span> <span class='ocrx_word' id='word_1_65' title='bbox 1086 1155 1320 1224; x_wconf 82' lang='lat' dir='ltr'><strong>modis.</strong></span> <span class='ocrx_word' id='word_1_66' title='bbox 1349 1153 1538 1242; x_wconf 83' lang='lat' dir='ltr'><strong>Quid</strong></span> <span class='ocrx_word' id='word_1_67' title='bbox 1569 1154 1796 1222; x_wconf 82' lang='lat' dir='ltr'><strong>autem</strong></span> <span class='ocrx_word' id='word_1_68' title='bbox 1823 1149 2026 1221; x_wconf 87' lang='lat' dir='ltr'><strong>aliud</strong></span> 
     </span>
    </p>
   </div>
   <div class='ocr_carea' id='block_1_4' title="bbox 438 1241 2145 1338">
    <p class='ocr_par' dir='ltr' id='par_1_4' title="bbox 438 1241 2145 1338">
     <span class='ocr_line' id='line_1_12' title="bbox 438 1241 2145 1338; baseline -0.001 -26"><span class='ocrx_word' id='word_1_69' title='bbox 438 1243 515 1312; x_wconf 83' lang='lat' dir='ltr'><strong>in</strong></span> <span class='ocrx_word' id='word_1_70' title='bbox 550 1245 801 1314; x_wconf 84' lang='lat' dir='ltr'><strong>nostris</strong></span> <span class='ocrx_word' id='word_1_71' title='bbox 842 1243 1230 1336; x_wconf 84' lang='lat' dir='ltr'>legionibus</span> <span class='ocrx_word' id='word_1_72' title='bbox 1275 1271 1532 1316; x_wconf 82' lang='lat' dir='ltr'><strong>cornua</strong></span> <span class='ocrx_word' id='word_1_73' title='bbox 1572 1269 1650 1312; x_wconf 88' lang='lat' dir='ltr'><strong>ac</strong></span> <span class='ocrx_word' id='word_1_74' title='bbox 1697 1241 1877 1312; x_wconf 78' lang='lat' dir='ltr'><strong>tubae</strong></span> <span class='ocrx_word' id='word_1_75' title='bbox 1913 1241 2026 1310; x_wconf 75' lang='lat' dir='ltr'><strong>sa-</strong></span> <span class='ocrx_word' id='word_1_76' title='bbox 2063 1269 2070 1275; x_wconf 93' lang='lat'><strong>·</strong></span> <span class='ocrx_word' id='word_1_77' title='bbox 2144 1263 2145 1338; x_wconf 51' lang='grc' dir='ltr'>ζ</span> 
     </span>
    </p>
   </div>
   <div class='ocr_carea' id='block_1_5' title="bbox 438 1333 2024 1800">
    <p class='ocr_par' dir='ltr' id='par_1_5' title="bbox 438 1333 2024 1800">
     <span class='ocr_line' id='line_1_13' title="bbox 438 1333 2024 1428; baseline -0.002 -25"><span class='ocrx_word' id='word_1_78' title='bbox 438 1333 636 1405; x_wconf 85' lang='lat' dir='ltr'><strong>ciunt</strong></span> <span class='ocrx_word' id='word_1_79' title='bbox 668 1343 694 1403; x_wconf 72' lang='grc' dir='ltr'><strong>ἰ’</strong></span> <span class='ocrx_word' id='word_1_80' title='bbox 731 1359 1022 1428; x_wconf 85' lang='lat' dir='ltr'><strong>quorum</strong></span> <span class='ocrx_word' id='word_1_81' title='bbox 1064 1351 1436 1408; x_wconf 82' lang='lat' dir='ltr'><strong>concentus</strong></span> <span class='ocrx_word' id='word_1_82' title='bbox 1484 1347 1740 1428; x_wconf 78' lang='lat' dir='ltr'><strong>quanto</strong></span> <span class='ocrx_word' id='word_1_83' title='bbox 1767 1346 1872 1402; x_wconf 78' lang='lat' dir='ltr'><strong>est</strong></span> <span class='ocrx_word' id='word_1_84' title='bbox 1906 1355 2024 1401; x_wconf 86' lang='lat' dir='ltr'><strong>ve·-</strong></span> 
     </span>
     <span class='ocr_line' id='line_1_14' title="bbox 441 1424 2024 1517; baseline -0.001 -24"><span class='ocrx_word' id='word_1_85' title='bbox 441 1424 829 1495; x_wconf 86' lang='lat' dir='ltr'><strong>hementior</strong></span> <span class='ocrx_word' id='word_1_86' title='bbox 850 1478 869 1509; x_wconf 81' lang='lat'>‚</span> <span class='ocrx_word' id='word_1_87' title='bbox 913 1439 1105 1496; x_wconf 79' lang='lat' dir='ltr'><strong>tanto</strong></span> <span class='ocrx_word' id='word_1_88' title='bbox 1132 1433 1438 1498; x_wconf 83' lang='lat' dir='ltr'><strong>Romana</strong></span> <span class='ocrx_word' id='word_1_89' title='bbox 1463 1428 1536 1496; x_wconf 90' lang='lat' dir='ltr'><strong>in</strong></span> <span class='ocrx_word' id='word_1_90' title='bbox 1564 1424 2024 1517; x_wconf 79' lang='lat' dir='ltr'><strong>bellis&#39;gloria</strong></span> 
     </span>
     <span class='ocr_line' id='line_1_15' title="bbox 442 1515 2021 1611; baseline -0.001 -27"><span class='ocrx_word' id='word_1_91' title='bbox 442 1515 701 1584; x_wconf 75' lang='lat' dir='ltr'><strong>caeteris</strong></span> <span class='ocrx_word' id='word_1_92' title='bbox 749 1529 1039 1608; x_wconf 83' lang='lat' dir='ltr'><strong>praestat.</strong></span> <span class='ocrx_word' id='word_1_93' title='bbox 1082 1525 1240 1588; x_wconf 89' lang='lat' dir='ltr'><strong>Non</strong></span> <span class='ocrx_word' id='word_1_94' title='bbox 1283 1520 1495 1611; x_wconf 83' lang='lat' dir='ltr'><strong>igitur</strong></span> <span class='ocrx_word' id='word_1_95' title='bbox 1528 1517 1776 1595; x_wconf 80' lang='lat' dir='ltr'><strong>frustra</strong></span> <span class='ocrx_word' id='word_1_96' title='bbox 1817 1515 2021 1584; x_wconf 84' lang='lat' dir='ltr'><strong>Plato</strong></span> 
     </span>
     <span class='ocr_line' id='line_1_16' title="bbox 444 1602 2023 1700; baseline 0 -26"><span class='ocrx_word' id='word_1_97' title='bbox 444 1605 631 1674; x_wconf 86' lang='lat' dir='ltr'><strong>civili</strong></span> <span class='ocrx_word' id='word_1_98' title='bbox 680 1602 867 1691; x_wconf 84' lang='lat' dir='ltr'><strong>viro,</strong></span> <span class='ocrx_word' id='word_1_99' title='bbox 914 1631 1115 1700; x_wconf 85' lang='lat' dir='ltr'><strong>quem</strong></span> <span class='ocrx_word' id='word_1_100' title='bbox 1145 1626 1422 1680; x_wconf 62' lang='grc' dir='ltr'><strong>πολιτικὸν</strong></span> <span class='ocrx_word' id='word_1_101' title='bbox 1451 1621 1730 1690; x_wconf 81' lang='lat' dir='ltr'><strong>vocant,</strong></span> <span class='ocrx_word' id='word_1_102' title='bbox 1785 1631 2023 1675; x_wconf 76' lang='lat' dir='ltr'><strong>neces·</strong></span> 
     </span>
     <span class='ocr_line' id='line_1_17' title="bbox 442 1697 2023 1800; baseline 0 -34"><span class='ocrx_word' id='word_1_103' title='bbox 442 1697 690 1767; x_wconf 77' lang='lat' dir='ltr'><strong>sariam</strong></span> <span class='ocrx_word' id='word_1_104' title='bbox 739 1698 1042 1768; x_wconf 88' lang='lat' dir='ltr'><strong>musicen</strong></span> <span class='ocrx_word' id='word_1_105' title='bbox 1093 1697 1407 1778; x_wconf 79' lang='lat' dir='ltr'><strong>credidit.</strong></span> <span class='ocrx_word' id='word_1_106' title='bbox 1452 1705 1538 1768; x_wconf 89' lang='lat' dir='ltr'><strong>Et</strong></span> <span class='ocrx_word' id='word_1_107' title='bbox 1589 1703 1736 1785; x_wconf 78' lang='lat' dir='ltr'><strong>ejus</strong></span> <span class='ocrx_word' id='word_1_108' title='bbox 1775 1709 2023 1800; x_wconf 38' lang='lat' dir='ltr'><strong>secta)</strong></span> 
     </span>
    </p>
   </div>
   <div class='ocr_carea' id='block_1_6' title="bbox 428 1788 2024 1949">
    <p class='ocr_par' dir='ltr' id='par_1_6' title="bbox 428 1788 2024 1949">
     <span class='ocr_line' id='line_1_18' title="bbox 428 1788 2024 1949; baseline 0 -93"><span class='ocrx_word' id='word_1_109' title='bbox 428 1813 591 1949; x_wconf 52' lang='lat' dir='ltr'><strong>guae</strong></span> <span class='ocrx_word' id='word_1_110' title='bbox 634 1788 787 1858; x_wconf 88' lang='lat' dir='ltr'><strong>aliis</strong></span> <span class='ocrx_word' id='word_1_111' title='bbox 827 1789 1288 1873; x_wconf 81' lang='lat' dir='ltr'><strong>severissima,</strong></span> <span class='ocrx_word' id='word_1_112' title='bbox 1333 1789 1484 1860; x_wconf 88' lang='lat' dir='ltr'><strong>aliis</strong></span> <span class='ocrx_word' id='word_1_113' title='bbox 1519 1789 1888 1881; x_wconf 88' lang='lat' dir='ltr'><strong>asperrima</strong></span> <span class='ocrx_word' id='word_1_114' title='bbox 1920 1814 2024 1856; x_wconf 84' lang='lat' dir='ltr'><strong>Vl-</strong></span> 
     </span>
    </p>
   </div>
   <div class='ocr_carea' id='block_1_7' title="bbox 444 1879 2025 2498">
    <p class='ocr_par' dir='ltr' id='par_1_7' title="bbox 444 1879 2025 2498">
     <span class='ocr_line' id='line_1_19' title="bbox 496 1879 2024 1986; baseline -0.001 -38"><span class='ocrx_word' id='word_1_115' title='bbox 496 1892 683 1965; x_wconf 78' lang='lat' dir='ltr'><strong>etur‚</strong></span> <span class='ocrx_word' id='word_1_116' title='bbox 730 1880 1075 1986; x_wconf 81' lang='lat' dir='ltr'><strong>principes</strong></span> <span class='ocrx_word' id='word_1_117' title='bbox 1125 1882 1196 1951; x_wconf 88' lang='lat' dir='ltr'><strong>in</strong></span> <span class='ocrx_word' id='word_1_118' title='bbox 1248 1883 1373 1951; x_wconf 87' lang='lat' dir='ltr'><strong>hac</strong></span> <span class='ocrx_word' id='word_1_119' title='bbox 1413 1883 1602 1950; x_wconf 87' lang='lat' dir='ltr'><strong>fuere</strong></span> <span class='ocrx_word' id='word_1_120' title='bbox 1637 1879 2024 1965; x_wconf 79' lang='lat' dir='ltr'><strong>sententia,</strong></span> 
     </span>
     <span class='ocr_line' id='line_1_20' title="bbox 445 1970 2024 2064; baseline -0.001 -25"><span class='ocrx_word' id='word_1_121' title='bbox 445 1983 524 2040; x_wconf 84' lang='lat' dir='ltr'><strong>ut</strong></span> <span class='ocrx_word' id='word_1_122' title='bbox 566 1972 1028 2043; x_wconf 76' lang='lat' dir='ltr'><strong>existimarent</strong></span> <span class='ocrx_word' id='word_1_123' title='bbox 1080 1974 1464 2064; x_wconf 87' lang='lat' dir='ltr'><strong>sapientum</strong></span> <span class='ocrx_word' id='word_1_124' title='bbox 1521 1970 1784 2064; x_wconf 89' lang='lat' dir='ltr'><strong>aliquos</strong></span> <span class='ocrx_word' id='word_1_125' title='bbox 1847 1995 2024 2039; x_wconf 86' lang='lat' dir='ltr'><strong>non-</strong></span> 
     </span>
     <span class='ocr_line' id='line_1_21' title="bbox 446 2060 2023 2155; baseline -0.001 -23"><span class='ocrx_word' id='word_1_126' title='bbox 446 2061 705 2132; x_wconf 83' lang='lat' dir='ltr'><strong>nullam</strong></span> <span class='ocrx_word' id='word_1_127' title='bbox 764 2089 1038 2155; x_wconf 82' lang='lat' dir='ltr'>operam</span> <span class='ocrx_word' id='word_1_128' title='bbox 1087 2064 1195 2132; x_wconf 88' lang='lat' dir='ltr'><strong>his</strong></span> <span class='ocrx_word' id='word_1_129' title='bbox 1249 2064 1492 2133; x_wconf 82' lang='lat' dir='ltr'><strong>studiis</strong></span> <span class='ocrx_word' id='word_1_130' title='bbox 1549 2060 2023 2132; x_wconf 86' lang='lat' dir='ltr'><strong>accommoda-</strong></span> 
     </span>
     <span class='ocr_line' id='line_1_22' title="bbox 444 2155 2025 2246; baseline -0.001 -24"><span class='ocrx_word' id='word_1_131' title='bbox 444 2164 658 2222; x_wconf 83' lang='lat' dir='ltr'><strong>turos.</strong></span> <span class='ocrx_word' id='word_1_132' title='bbox 702 2159 791 2222; x_wconf 82' lang='lat' dir='ltr'><strong>Et</strong></span> <span class='ocrx_word' id='word_1_133' title='bbox 823 2161 1178 2246; x_wconf 86' lang='lat' dir='ltr'><strong>Lycurgus</strong></span> <span class='ocrx_word' id='word_1_134' title='bbox 1201 2208 1220 2238; x_wconf 91' lang='lat'><strong><em>,</em></strong></span> <span class='ocrx_word' id='word_1_135' title='bbox 1257 2155 1770 2224; x_wconf 81' lang='lat' dir='ltr'><strong>durissimarum</strong></span> <span class='ocrx_word' id='word_1_136' title='bbox 1805 2159 2025 2222; x_wconf 84' lang='lat' dir='ltr'><strong>Lace-</strong></span> 
     </span>
     <span class='ocr_line' id='line_1_23' title="bbox 446 2243 2024 2336; baseline 0 -24"><span class='ocrx_word' id='word_1_137' title='bbox 446 2243 801 2313; x_wconf 85' lang='lat' dir='ltr'><strong>daemoniis</strong></span> <span class='ocrx_word' id='word_1_138' title='bbox 853 2245 1075 2336; x_wconf 86' lang='lat' dir='ltr'><strong>legum</strong></span> <span class='ocrx_word' id='word_1_139' title='bbox 1137 2259 1418 2332; x_wconf 84' lang='lat' dir='ltr'><strong>auctor,</strong></span> <span class='ocrx_word' id='word_1_140' title='bbox 1475 2245 1763 2316; x_wconf 82' lang='lat' dir='ltr'><strong>musices</strong></span> <span class='ocrx_word' id='word_1_141' title='bbox 1812 2243 2024 2313; x_wconf 88' lang='lat' dir='ltr'><strong>disci-</strong></span> 
     </span>
     <span class='ocr_line' id='line_1_24' title="bbox 447 2334 2024 2428; baseline 0.001 -26"><span class='ocrx_word' id='word_1_142' title='bbox 447 2334 706 2425; x_wconf 88' lang='lat' dir='ltr'><strong>plinam</strong></span> <span class='ocrx_word' id='word_1_143' title='bbox 750 2334 1084 2428; x_wconf 84' lang='lat' dir='ltr'><strong>probavit.</strong></span> <span class='ocrx_word' id='word_1_144' title='bbox 1131 2343 1221 2406; x_wconf 82' lang='lat' dir='ltr'><strong>At</strong></span> <span class='ocrx_word' id='word_1_145' title='bbox 1273 2364 1355 2407; x_wconf 92' lang='lat' dir='ltr'><strong>ue</strong></span> <span class='ocrx_word' id='word_1_146' title='bbox 1396 2362 1542 2406; x_wconf 85' lang='lat' dir='ltr'><strong>eam</strong></span> <span class='ocrx_word' id='word_1_147' title='bbox 1593 2349 1834 2405; x_wconf 78' lang='lat' dir='ltr'><strong>natura</strong></span> <span class='ocrx_word' id='word_1_148' title='bbox 1873 2335 2024 2426; x_wconf 88' lang='lat' dir='ltr'><strong>ipsa</strong></span> 
     </span>
     <span class='ocr_line' id='line_1_25' title="bbox 445 2364 2022 2498; baseline 0.001 -4"><span class='ocrx_word' id='word_1_149' title='bbox 445 2425 720 2495; x_wconf 78' lang='lat' dir='ltr'><strong>videtur</strong></span> <span class='ocrx_word' id='word_1_150' title='bbox 786 2425 873 2496; x_wconf 89' lang='lat' dir='ltr'><strong>ad</strong></span> <span class='ocrx_word' id='word_1_151' title='bbox 949 2364 1342 2498; x_wconf 67' lang='lat' dir='ltr'><strong>tolerandos</strong></span> <span class='ocrx_word' id='word_1_152' title='bbox 1417 2427 1684 2498; x_wconf 86' lang='lat' dir='ltr'><strong>facilius</strong></span> <span class='ocrx_word' id='word_1_153' title='bbox 1750 2425 2022 2496; x_wconf 82' lang='lat' dir='ltr'><strong>labores</strong></span> 
     </span>
    </p>
   </div>
   <div class='ocr_carea' id='block_1_8' title="bbox 426 2515 2026 2611">
    <p class='ocr_par' dir='ltr' id='par_1_8' title="bbox 426 2515 2026 2611">
     <span class='ocr_line' id='line_1_26' title="bbox 426 2515 2026 2611; baseline 0 -25"><span class='ocrx_word' id='word_1_154' title='bbox 426 2515 633 2586; x_wconf 79' lang='lat' dir='ltr'><strong>&#39;velut</strong></span> <span class='ocrx_word' id='word_1_155' title='bbox 675 2519 939 2588; x_wconf 85' lang='lat' dir='ltr'><strong>muneri</strong></span> <span class='ocrx_word' id='word_1_156' title='bbox 990 2520 1190 2589; x_wconf 85' lang='lat' dir='ltr'><strong>nobis</strong></span> <span class='ocrx_word' id='word_1_157' title='bbox 1236 2519 1524 2590; x_wconf 79' lang='lat' dir='ltr'><strong>dedisse.</strong></span> <span class='ocrx_word' id='word_1_158' title='bbox 1558 2517 1907 2611; x_wconf 84' lang='lat' dir='ltr'><strong>Siquidem</strong></span> <span class='ocrx_word' id='word_1_159' title='bbox 1951 2529 2026 2586; x_wconf 83' lang='lat' dir='ltr'><strong>et</strong></span> 
     </span>
    </p>
   </div>
   <div class='ocr_carea' id='block_1_9' title="bbox 446 2608 2024 2794">
    <p class='ocr_par' dir='ltr' id='par_1_9' title="bbox 446 2608 2024 2794">
     <span class='ocr_line' id='line_1_27' title="bbox 446 2608 2024 2700; baseline -0.001 -24"><span class='ocrx_word' id='word_1_160' title='bbox 446 2608 737 2700; x_wconf 71' lang='lat' dir='ltr'><strong>remiges</strong></span> <span class='ocrx_word' id='word_1_161' title='bbox 778 2623 1017 2679; x_wconf 85' lang='lat' dir='ltr'><strong>cantus</strong></span> <span class='ocrx_word' id='word_1_162' title='bbox 1066 2609 1384 2681; x_wconf 79' lang='lat' dir='ltr'><strong>hortatur</strong></span> <span class='ocrx_word' id='word_1_163' title='bbox 1422 2637 1443 2694; x_wconf 85' lang='lat'>3</span> <span class='ocrx_word' id='word_1_164' title='bbox 1497 2637 1626 2680; x_wconf 89' lang='lat' dir='ltr'><strong>nec</strong></span> <span class='ocrx_word' id='word_1_165' title='bbox 1668 2609 1890 2678; x_wconf 86' lang='lat' dir='ltr'><strong>solum</strong></span> <span class='ocrx_word' id='word_1_166' title='bbox 1945 2608 2024 2676; x_wconf 85' lang='lat' dir='ltr'><strong>in</strong></span> 
     </span>
     <span class='ocr_line' id='line_1_28' title="bbox 447 2697 2023 2794; baseline 0.001 -27"><span class='ocrx_word' id='word_1_167' title='bbox 447 2697 533 2767; x_wconf 87' lang='lat' dir='ltr'><strong>iis</strong></span> <span class='ocrx_word' id='word_1_168' title='bbox 581 2699 901 2791; x_wconf 82' lang='lat' dir='ltr'><strong>operibus</strong></span> <span class='ocrx_word' id='word_1_169' title='bbox 926 2753 944 2784; x_wconf 85' lang='lat'>‚</span> <span class='ocrx_word' id='word_1_170' title='bbox 980 2702 1052 2770; x_wconf 91' lang='lat' dir='ltr'><strong>in</strong></span> <span class='ocrx_word' id='word_1_171' title='bbox 1079 2701 1328 2794; x_wconf 89' lang='lat' dir='ltr'><strong>quibus</strong></span> <span class='ocrx_word' id='word_1_172' title='bbox 1360 2701 1662 2793; x_wconf 89' lang='lat' dir='ltr'><strong>plurium</strong></span> <span class='ocrx_word' id='word_1_173' title='bbox 1696 2713 2023 2784; x_wconf 70' lang='lat' dir='ltr'><strong>conatuS‚</strong></span> 
     </span>
    </p>
   </div>
   <div class='ocr_carea' id='block_1_10' title="bbox 358 2790 2025 3042">
    <p class='ocr_par' dir='ltr' id='par_1_10' title="bbox 358 2790 2025 3042">
     <span class='ocr_line' id='line_1_29' title="bbox 401 2790 2021 2885; baseline 0.003 -32"><span class='ocrx_word' id='word_1_174' title='bbox 401 2804 791 2882; x_wconf 78' lang='lat' dir='ltr'><strong>·.praeeunte</strong></span> <span class='ocrx_word' id='word_1_175' title='bbox 829 2792 1056 2885; x_wconf 85' lang='lat' dir='ltr'><strong>aliqua</strong></span> <span class='ocrx_word' id='word_1_176' title='bbox 1079 2793 1376 2878; x_wconf 84' lang='lat' dir='ltr'><strong>jucunda</strong></span> <span class='ocrx_word' id='word_1_177' title='bbox 1404 2818 1603 2878; x_wconf 84' lang='lat' dir='ltr'><strong>voce,</strong></span> <span class='ocrx_word' id='word_1_178' title='bbox 1635 2790 2021 2882; x_wconf 69' lang='lat' dir='ltr'><strong>conspira{;</strong></span> 
     </span>
     <span class='ocr_line' id='line_1_30' title="bbox 358 2879 2025 3042; baseline 0 -92"><span class='ocrx_word' id='word_1_179' title='bbox 358 2911 369 2922; x_wconf 91' lang='grc'><em>·</em></span> <span class='ocrx_word' id='word_1_180' title='bbox 448 2879 568 2950; x_wconf 84' lang='lat' dir='ltr'><strong>sed</strong></span> <span class='ocrx_word' id='word_1_181' title='bbox 599 2882 803 2951; x_wconf 86' lang='lat' dir='ltr'><strong>etiam</strong></span> <span class='ocrx_word' id='word_1_182' title='bbox 836 2882 1264 3042; x_wconf 40' lang='lat' dir='ltr'><strong>sinffulorum</strong></span> <span class='ocrx_word' id='word_1_183' title='bbox 1299 2884 1606 2976; x_wconf 78' lang='lat' dir='ltr'><strong>fatigatio</strong></span> <span class='ocrx_word' id='word_1_184' title='bbox 1641 2880 2025 2975; x_wconf 85' lang='lat' dir='ltr'><strong>quamlibet</strong></span> 
     </span>
    </p>
   </div>
   <div class='ocr_carea' id='block_1_11' title="bbox 449 2971 2023 3160">
    <p class='ocr_par' dir='ltr' id='par_1_11' title="bbox 449 2971 2023 3160">
     <span class='ocr_line' id='line_1_31' title="bbox 449 2971 1526 3045; baseline 0.002 -5"><span class='ocrx_word' id='word_1_185' title='bbox 449 2995 518 3040; x_wconf 88' lang='lat' dir='ltr'><strong>se</strong></span> <span class='ocrx_word' id='word_1_186' title='bbox 555 2971 705 3042; x_wconf 80' lang='lat' dir='ltr'><strong>rudi</strong></span> <span class='ocrx_word' id='word_1_187' title='bbox 744 2973 946 3041; x_wconf 90' lang='lat' dir='ltr'><strong>modu</strong></span> <span class='ocrx_word' id='word_1_188' title='bbox 980 2975 1210 3045; x_wconf 83' lang='lat' dir='ltr'><strong>atione</strong></span> <span class='ocrx_word' id='word_1_189' title='bbox 1243 2975 1526 3044; x_wconf 80' lang='lat' dir='ltr'><strong>solatur.</strong></span> 
     </span>
     <span class='ocr_line' id='line_1_32' title="bbox 526 3061 2023 3160; baseline -0.001 -26"><span class='ocrx_word' id='word_1_190' title='bbox 526 3062 831 3134; x_wconf 87' lang='lat' dir='ltr'><strong>Laudem</strong></span> <span class='ocrx_word' id='word_1_191' title='bbox 851 3063 1075 3135; x_wconf 87' lang='lat' dir='ltr'><strong>adhuc</strong></span> <span class='ocrx_word' id='word_1_192' title='bbox 1099 3066 1329 3136; x_wconf 78' lang='lat' dir='ltr'><strong>dicere</strong></span> <span class='ocrx_word' id='word_1_193' title='bbox 1351 3066 1513 3136; x_wconf 83' lang='lat' dir='ltr'><strong>artis</strong></span> <span class='ocrx_word' id='word_1_194' title='bbox 1535 3061 2023 3160; x_wconf 78' lang='lat' dir='ltr'><strong>pulcherrimae</strong></span> 
     </span>
    </p>
   </div>
   <div class='ocr_carea' id='block_1_12' title="bbox 412 3151 2027 3340">
    <p class='ocr_par' dir='ltr' id='par_1_12' title="bbox 412 3151 2027 3340">
     <span class='ocr_line' id='line_1_33' title="bbox 412 3151 2026 3244; baseline 0.001 -21"><span class='ocrx_word' id='word_1_195' title='bbox 412 3177 419 3183; x_wconf 89' lang='lat'><strong>·</strong></span> <span class='ocrx_word' id='word_1_196' title='bbox 446 3153 714 3244; x_wconf 76' lang='lat' dir='ltr'><strong>videor,</strong></span> <span class='ocrx_word' id='word_1_197' title='bbox 734 3155 1040 3226; x_wconf 84' lang='lat' dir='ltr'><strong>nondum</strong></span> <span class='ocrx_word' id='word_1_198' title='bbox 1058 3168 1286 3229; x_wconf 76' lang='lat' dir='ltr'><strong>tamen</strong></span> <span class='ocrx_word' id='word_1_199' title='bbox 1299 3183 1446 3226; x_wconf 85' lang='lat' dir='ltr'><strong>eam</strong></span> <span class='ocrx_word' id='word_1_200' title='bbox 1465 3156 1720 3226; x_wconf 82' lang='lat' dir='ltr'><strong>oratori</strong></span> <span class='ocrx_word' id='word_1_201' title='bbox 1734 3151 2026 3244; x_wconf 63' lang='lat' dir='ltr'><strong>conjun-</strong></span> 
     </span>
     <span class='ocr_line' id='line_1_34' title="bbox 420 3244 2027 3340; baseline 0.002 -30"><span class='ocrx_word' id='word_1_202' title='bbox 420 3267 630 3332; x_wconf 64' lang='lat' dir='ltr'><strong>gere.</strong></span> <span class='ocrx_word' id='word_1_203' title='bbox 663 3251 1124 3318; x_wconf 82' lang='lat' dir='ltr'><strong>Transeamus</strong></span> <span class='ocrx_word' id='word_1_204' title='bbox 1151 3248 1362 3340; x_wconf 78' lang='lat' dir='ltr'><strong>igitur</strong></span> <span class='ocrx_word' id='word_1_205' title='bbox 1394 3248 1467 3318; x_wconf 90' lang='lat' dir='ltr'><strong>id</strong></span> <span class='ocrx_word' id='word_1_206' title='bbox 1491 3273 1762 3340; x_wconf 87' lang='lat' dir='ltr'><strong>quoque</strong></span> <span class='ocrx_word' id='word_1_207' title='bbox 1782 3299 1801 3330; x_wconf 90' lang='lat'>,</span> <span class='ocrx_word' id='word_1_208' title='bbox 1833 3244 2027 3338; x_wconf 86' lang='lat' dir='ltr'><strong>quod</strong></span> 
     </span>
    </p>
   </div>
   <div class='ocr_carea' id='block_1_13' title="bbox 444 3337 2027 3590">
    <p class='ocr_par' dir='ltr' id='par_1_13' title="bbox 444 3337 2027 3590">
     <span class='ocr_line' id='line_1_35' title="bbox 444 3337 2025 3430; baseline 0.003 -31"><span class='ocrx_word' id='word_1_209' title='bbox 444 3342 875 3420; x_wconf 79' lang='lat' dir='ltr'><strong>grammatice</strong></span> <span class='ocrx_word' id='word_1_210' title='bbox 920 3339 1268 3430; x_wconf 87' lang='lat' dir='ltr'><strong>quondam</strong></span> <span class='ocrx_word' id='word_1_211' title='bbox 1328 3367 1406 3410; x_wconf 89' lang='lat' dir='ltr'><strong>ac</strong></span> <span class='ocrx_word' id='word_1_212' title='bbox 1464 3337 1718 3408; x_wconf 90' lang='lat' dir='ltr'><strong>musice</strong></span> <span class='ocrx_word' id='word_1_213' title='bbox 1767 3341 2025 3425; x_wconf 79' lang='lat' dir='ltr'><strong>junctae</strong></span> 
     </span>
     <span class='ocr_line' id='line_1_36' title="bbox 444 3419 2026 3588; baseline 0.002 -97"><span class='ocrx_word' id='word_1_214' title='bbox 444 3419 751 3500; x_wconf 78' lang='lat' dir='ltr'><strong>fuerunt.</strong></span> <span class='ocrx_word' id='word_1_215' title='bbox 800 3427 1152 3518; x_wconf 85' lang='lat' dir='ltr'><strong>Siquidem</strong></span> <span class='ocrx_word' id='word_1_216' title='bbox 1203 3432 1520 3502; x_wconf 77' lang='lat' dir='ltr'><strong>Architas</strong></span> <span class='ocrx_word' id='word_1_217' title='bbox 1573 3427 2026 3588; x_wconf 50' lang='lat' dir='ltr'><strong>atqu5.A1·is-</strong></span> 
     </span>
     <span class='ocr_line' id='line_1_37' title="bbox 1761 3543 2027 3590; baseline 0 0"><span class='ocrx_word' id='word_1_218' title='bbox 1761 3543 2027 3590; x_wconf 82' lang='lat' dir='ltr'><strong>oxenus</strong></span> 
     </span>
    </p>
   </div>
  </div>
 </body>
</html>
