2175 3809
518 281 633 348 DE
682 301 950 348 omem
996 301 1498 350 rnAEcEP'roms.
1685 283 1778 372 73

182 378 295 444 lta
328 369 520 444 enim
544 365 903 463 probanda
926 382 1130 463 atque
1165 369 1614 462 improbanda
1647 371 1786 444 dis-

188 474 489 534 cernent
518 488 536 530 :
564 463 671 552 (1)
702 461 801 530 sic
834 461 1011 554 stylo
1046 461 1334 532 facultas
1377 461 1732 558 continget
1753 515 1779 552 ,

190 555 565 626 auditione
601 550 961 641 judicium.
994 558 1087 623 At
1121 578 1310 623 nunc
1333 555 1537 648 proni
1575 569 1783 649 atque

188 643 533 718 succincti
568 643 657 714 ad
684 666 961 714 omnem
987 644 1360 716 clausulam
1379 671 1530 730 ,non
1553 672 1784 718 exsur-

188 752 363 844 gunt
379 735 619 821 modo,
636 760 868 806 verum
890 737 1096 807 etiam
1117 750 1505 826 excurrunt,
1533 751 1783 814 etcum

190 829 525 900 indecora
569 825 987 898 exultatione
1044 827 1496 900 conclamant.
1548 830 1630 902 ld
1666 834 1782 922 (2)

189 930 674 1004 mutuumest,
705 930 778 988 et
796 918 906 998 ,ibi
936 919 1441 992 declamationis
1471 921 1775 994 fortuna.

186 1012 380 1084 Hinc
409 1025 645 1082 tumor
694 1022 762 1078 et
807 1036 980 1082 vana
1014 1011 1100 1082 de
1131 1037 1201 1082 se
1282 1013 1585 1083 ersuasio
1610 1067 1630 1100 ,
1663 1041 1779 1086 us-

188 1130 319 1210 gue
348 1102 565 1189 aden,
587 1099 804 1175 utillo
822 1101 1226 1197 condiscipu
1256 1128 1454 1174 orum
1473 1103 1782 1178 tumultu

190 1194 459 1279 inflati,
494 1194 549 1265 si
599 1218 840 1287 parum
872 1220 913 1264 a
945 1207 1358 1300 praeceptore
1401 1193 1782 1292 laudentur

188 1286 319 1379 ipsi
340 1286 429 1356 de
448 1285 573 1356 illo
599 1284 773 1356 male
792 1297 1118 1356 sentiant.
1132 1285 1266 1356 Sed
1285 1312 1354 1356 se
1380 1312 1652 1393 quoque
1669 1295 1780 1378 (3)

233 1390 638 1471 raeceptores
671 1377 938 1448 intente
960 1402 1045 1448 ac
1069 1377 1372 1448 modeste
1397 1378 1622 1450 audiri
1657 1406 1776 1452 ve-

184 1403 341 1540 lint.
360 1476 521 1540 Non
546 1469 731 1540 enim
748 1467 1009 1558 judicio
1028 1468 1524 1562 discipulorum
1543 1469 1776 1548 dicere

183 1559 396 1631 debet
443 1561 813 1652 magistu-3
846 1557 967 1630 sed
1018 1557 1339 1667 d'ffcipuli
1367 1614 1387 1649 ‚
1433 1563 1772 1656 magistri.

187 1652 421 1740 Quin,
482 1652 539 1724 si
582 1651 733 1722 fieri
777 1662 1035 1744 potest,
1089 1652 1555 1724 intendendus
1601 1655 1772 1727 ani-

182 1769 334 1814 mus
379 1744 457 1815 in
504 1742 639 1814 hoc
690 1769 961 1836 quoque
996 1795 1017 1828 ,
1073 1755 1150 1812 ut
1203 1744 1570 1838 perspiciat
1615 1772 1768 1840 quae

178 1833 473 1928 quisque
494 1887 519 1919 ‚
546 1846 614 1904 et
686 1834 984 1924 uomodo
1026 1823 1311 1922 lau'det3
1345 1848 1413 1906 et
1451 1835 1722 1942 placere
1747 1883 1777 1925 ‚

180 1951 327 2018 quae
392 1925 571 1996 bene
639 1861 827 1996 dicet
854 1979 875 2011 ‚
934 1951 1076 1996 non
1126 1951 1250 1996 suo
1303 1952 1516 2018 magis
1559 1951 1768 2020 quam

178 2043 421 2088 eorum
485 2016 763 2088 nomine
812 2015 1234 2106 delectetur,
1284 2017 1407 2113 qui
1439 2029 1622 2090 recte
1654 2023 1767 2112 ju-

178 2105 543 2181 dicabunt.
968 2179 975 2186 ,

266 2205 533 2270 Pueros
588 2197 1140 2272 adolescentibus
1189 2197 1424 2272 sedere
1473 2199 1770 2308 permix-

174 2302 283 2360 tos
306 2344 327 2376 ,
366 2317 509 2362 non
545 2291 773 2384 placet
806 2291 997 2364 mihi.
1032 2299 1208 2364 Nam
1234 2292 1502 2364 etiamsi
1533 2293 1639 2368 vir
1669 2306 1767 2366 ta·

176 2381 301 2467 lis,
336 2383 611 2476 qualem
641 2409 783 2454 esse
812 2395 1083 2478 oportet
1130 2383 1376 2453 studiis
1425 2384 1764 2458 moribus-

175 2499 311 2566 que
344 2474 787 2568 praepositum
806 2527 827 2562 ‚
858 2473 1232 2545 modestam
1253 2473 1506 2546 habere
1539 2489 1770 2570 potest

176 2565 383 2636 etiam
415 2570 845 2654 juventutem
866 2617 887 2652 ‚
917 2579 1148 2638 tamen
1181 2565 1289 2636 vel
1336 2565 1696 2640 infirmitas
1721 2595 1768 2642 a

172 2655 685 2728 robustioribus
712 2657 1090 2751 separanda
1125 2669 1226 2727 est
1242 2681 1266 2742 ;
1293 2667 1361 2726 et
1381 2661 1763 2732 carendum

172 2771 315 2818 non
358 2749 585 2819 solum
632 2749 921 2822 crimine
982 2748 1439 2842 turpitudinis
1465 2801 1486 2837 ‚
1518 2777 1761 2824 verum

168 2935 217 2986 d·
251 2870 359 2988 (¹¹:12
412 2873 535 2988 Sit}d
545 2872 839 2932 scribendo,
886 2873 1176 2990 gentilitatem
1221 2877 1613 2955 comparabunt;
1649 2891 1763 2992 ‚gu-

162 2954 349 3052 :satiat
372 2953 849 3069 ’Ἑέἰοξζῖἰοῖῑέἒιῑ
921 2959 948 2990 e
989 2940 1354 3016 discnpulorum
1404 2955 1665 3011 scriptioni
1701 2957 1760 2996 ut

234 3070 257 3135 (
280 3068 350 3136 τι)
388 3071 486 3120 Has
507 3070 672 3121 laudes
696 3070 794 3121 sibi
824 3072 1043 3124 invicem
1059 3091 1118 3124 ac
1137 3087 1310 3138 mutuo
1341 3073 1557 3125 reddunt
1581 3088 1596 3122 τ
1617 3083 1663 3122 et
1697 3071 1758 3128 i-

165 3131 249 3184 his
282 3134 516 3187 laudibus
543 3135 767 3188 consistit
793 3139 957 3190 omnis
1007 3139 1426 3192 declamationum
1466 3138 1660 3190 fortuna
1695 3155 1756 3192 ae

164 3216 601 3332 mzcgssgbilebmt
630 3267 961 3330 adolescentes
1002 3260 1070 3320 in'
1100 3271 1269 3322 schola
1323 3268 1524 3321 laudare
1555 3269 1764 3324 effioesint

162 3347 268 3380 non
294 3330 459 3392 solum
492 3333 717 3384 eondisci
757 3337 865 3386 ulos
885 3373 901 3399 ‚
934 3336 1021 3386 sed
1056 3337 1191 3406 ipsos
1225 3335 1376 3388 etiam
1418 3350 1760 3409 praeceptores·

160 3395 271 3450 Hoc
305 3414 516 3466 quoque
548 3398 621 3450 im
662 3417 715 3450 ro
782 3413 801 3452 t
833 3399 1039 3454 Fabius.

362 3461 571 3538 Tome
645 3518 662 3533 .
1355 3469 1440 3534 Β
1553 3521 1564 3536 .
