2175 3809
627 209 1261 279 PnAEr.A1·1.o.‘
1358 267 1365 272 .
1550 207 1705 278 xxix
1782 202 1790 222 ¹

167 299 826 384 delicatasrraderet‚
853 297 1138 370 verebar
1179 323 1307 384 ne,
1339 308 1416 370 ut
1460 323 1705 392 parum
1779 336 1784 340 ·

165 395 510 487 jucundus
537 393 610 462 in
641 391 769 462 illo
795 389 976 460 ruris
1010 388 1155 458 otio
1184 415 1447 476 comes,
1484 389 1707 462 sorsi-

163 500 277 556 tan
313 483 816 555 contumeliose
849 480 1335 552 dimitteretur.

247 577 582 670 Denique
622 600 764 644 non
825 571 1175 666 diffitebor
1220 599 1341 652 me
1388 571 1594 642 etiam
1627 572 1702 644 in

163 667 292 738 hoc
326 693 540 761 opere
576 662 1015 758 suscipiendo
1065 663 1493 736 consuluisse
1525 664 1705 736 vires

163 785 370 830 meas.
404 759 474 830 Si
509 759 732 828 totuin
761 754 1054 826 Fabium
1087 753 1313 849 longis
1346 769 1415 826 et
1454 755 1707 829 erudi-

161 851 246 920 tis
283 847 976 944 interpretationibus
1003 844 1329 917 illustrari
1357 848 1705 941 oportuis-

161 955 302 1024 set,
347 941 586 1048 quales
637 939 711 1010 in
767 937 1137 1034 Rhetorica
1192 939 1581 1010 Aristotelis
1632 951 1706 1010 et

161 1032 386 1103 'rulth
421 1032 749 1104 hahemus
769 1085 787 1116 ,
807 1028 992 1124 quod
1017 1028 1299 1100 fortasse
1320 1030 1703 1124 optandum

164 1137 308 1194 erat
333 1177 354 1210 ‚
393 1125 575 1194 sensi
607 1149 716 1194 me
754 1134 950 1192 tanto
979 1121 1173 1191 oneri
1220 1120 1427 1216 longe
1470 1123 1704 1214 impa—

89 1237 108 1250 ·
164 1240 326 1285 rem.
362 1222 510 1298 Nec
543 1214 919 1285 ambitiosae
955 1211 1301 1290 modestiae
1348 1213 1501 1284 velo
1553 1239 1704 1306 seg-

165 1333 321 1377 nem
357 1308 680 1378 inertiam
727 1306 869 1400 tegi
897 1305 1260 1398 quisquam
1294 1317 1509 1398 putet.
1542 1310 1705 1375 De-

165 1423 502 1468 vorassem
543 1398 791 1469 lubens
849 1396 1289 1468 difficultates
1336 1423 1571 1468 omnes
1620 1421 1704 1468 ac

165 1490 511 1561 molestias
541 1505 682 1561 tam
719 1489 917 1566 ardui
955 1489 1185 1580 operis
1210 1543 1228 1574 ,
1266 1488 1321 1558 si
1351 1515 1491 1560 non
1518 1489 1703 1560 viri-

161 1579 285 1651 bus
349 1583 522 1653 meis
585 1593 788 1676 atque
852 1579 1135 1674 ingenio
1192 1584 1411 1671 majus
1475 1581 1699 1652 visum

163 1687 335 1742 esset
363 1727 384 1759 ,
418 1687 487 1743 et
528 1672 842 1764 juvandae
897 1675 971 1741 in
1016 1671 1262 1741 studiis
1309 1672 1558 1742 artium
1590 1678 1699 1762 ju-

162 1765 463 1834 ventutis
494 1763 852 1870 proposito
883 1790 1034 1833 meo
1063 1763 1340 1855 prorsus
1369 1763 1695 1836 alienum.

249 1863 514 1926 Totum
549 1856 760 1949 igitur
780 1855 851 1926 in
871 1855 1006 1925 hoc
1027 1854 1334 1923 laborem
1354 1854 1697 1946 impendi,

161 1960 234 2016 ut
262 1946 352 2018 ad
383 1946 754 2041 legendum
783 1945 1076 2017 Fabium
1108 1944 1551 2015 allicerentur
1580 1943 1700 2014 ho-

160 2040 378 2109 mines
403 2093 424 2126 ‚
459 2053 528 2110 et
557 2053 731 2111 esset
763 2039 994 2132 aliqua
1048 2036 1323 2107 demum
1374 2047 1700 2130 praestans

158 2131 532 2202 Rhetorica
551 2185 570 2216 ‚
589 2157 738 2226 quae
763 2127 1087 2206 studiosis
1106 2129 1513 2224 eloquentiae
1532 2127 1700 2200 ado-

159 2221 579 2294 lescentibus
627 2220 850 2315 posset
913 2221 1231 2316 proponi.
1284 2227 1448 2293 Hac.
1468 2234 1699 2292 mente

159 2315 194 2382 ὲ
249 2313 452 2384 libris
509 2314 658 2385 istis
709 2312 921 2384 recidi
970 2338 1412 2407 quaecumque
1470 2313 1699 2383 minus

157 2407 548 2477 necessaria
580 2405 751 2476 mihi
776 2405 918 2477 visa
952 2417 1111 2473 sunt
1134 2457 1153 2490 ‚
1184 2403 1320 2476 hoc
1348 2416 1449 2475 est
1479 2429 1700 2498 quar-

155 2509 294 2586 tam
329 2497 476 2567 sere
503 2497 720 2567 totius
753 2496 1273 2590 operis'partem
1312 2524 1327 2566 ε
1368 2521 1485 2588 spe
1538 2521 1699 2566 cer-

155 2589 421 2659 tissima
455 2589 654 2659 nixus
687 2589 831 2658 fore
872 2601 986 2672 ut,
1046 2587 1319 2658 deterso
1376 2584 1705 2661 obsoleta?

154 2681 322 2750 artis
357 2707 441 2750 ac
470 2679 824 2750 vetustatis
866 2677 1181 2762 squalore
1205 2733 1226 2766 ‚
1260 2678 1460 2749 Fabii
1500 2679 1697 2752 labor

155 2783 398 2841 nostro
465 2798 608 2840 aevo
673 2784 743 2840 et
819 2769 1078 2861 judicio
1145 2769 1697 2843 accommodatus

153 2861 366 2955 longe·
397 2861 649 2933 clarius
673 2862 1099 2935 enitesceret.
1134 2863 1429 2956 Triplici
1460 2876 1697 2954 tamen

153 2955 514 3047 signorum
543 2980 793 3048 genere
825 2955 1147 3024 lectorem
1182 2955 1694 3049 admonendum

155 3045 398 3115 censui
450 3071 636 3116 nunc
737 3046 1046 3138 auciores
1107 3045 1369 3140 aliquot
1419 3074 1691 3134 versuS‚

152 3162 344 3242 nunc
379 3138 601 3244 multo
634 3073 866 3245 pfures
891 3191 913 3228 ,
944 3163 1133 3212 nune
1166 3138 1435 3233 integra
1481 3140 1688 3212 ctiam

153 3241 380 3322 capita
423 3243 679 3303 omittl.
1241 3319 1411 3392 b...-

1336 3346 1409 3411 ιι]
