2175 3809
816 240 885 303 D
912 261 951 303 E
1024 242 1089 315 R
1113 264 1138 304 1
1169 263 1201 307 s
1231 264 1298 307 o.
1719 244 1856 329 359

232 336 373 392 tur
418 350 437 391 ε
488 322 607 413 sed
638 322 979 397 dictorum
1013 352 1284 431 quoque
1315 326 1400 397 ab
1441 328 1681 401 eodem
1724 358 1854 401 ur-

233 412 455 483 bane
493 428 653 483 sunt
678 414 845 485 editi
884 416 1067 489 libn.

346 504 547 573 Illud
578 532 847 599 quoque
880 534 1096 603 genus
1129 520 1230 577 est
1259 508 1556 601 positum
1594 536 1732 580 non
1777 512 1850 583 in

130 622 145 661 ῑ
233 595 394 665 hac
451 596 661 666 veluti
707 597 1123 684 jaculatione
1166 600 1529 669 verborum
1563 654 1582 690 ‚
1643 614 1709 671 et
1748 604 1852 673 in-

238 688 461 756 clusa
501 687 801 758 breviter
839 687 1264 774 urbanitate3
1301 692 1418 760 sed
1453 692 1522 761 in
1555 692 1850 782 quodam

234 776 585 871 longiore
611 792 765 849 actu
794 808 809 847 ε
844 782 1027 874 quod
1055 781 1138 850 de
1157 788 1397 871 Crasso
1419 795 1656 853 contra
1681 790 1850 854 Bru-

234 882 415 938 tum
433 870 671 963 Cicero
693 876 791 955 (1)
816 872 1213 944 insecundo
1229 872 1312 941 de
1333 878 1622 944 Oratore
1645 874 1848 959 libro,

241 974 323 1029 et
393 961 551 1029 aliis
608 962 1016 1055 quibusdam
1078 963 1245 1033 locis
1308 977 1561 1034 narrat.
1622 970 1794 1038 Nam
1825 1018 1846 1051 ,

242 1077 426 1121 cum
463 1058 716 1123 Brutus
748 1052 820 1123 in
865 1054 1298 1125 accusatione
1339 1061 1463 1125 Cn.
1495 1054 1730 1126 Planci
1769 1082 1849 1125 ex

244 1142 538 1213 duobus
585 1144 955 1214 lectoribus
1000 1145 1410 1219 ostendisset
1437 1199 1455 1229 ,
1503 1147 1849 1215 contraria

242 1240 339 1304 L.
394 1241 709 1305 Crassum
749 1232 1114 1324 patronum
1170 1240 1315 1325 ejus
1365 1237 1438 1306 in
1486 1238 1866 1321 oratione„

248 1352 471 1417 quam
523 1326 935 1397 deicolonia
990 1326 1406 1395 narbonensi
1463 1328 1846 1411 habuerat,

248 1417 557 1497 suasisse
596 1418 713 1501 iis,
748 1444 893 1510 quae
926 1416 1009 1487 de
1046 1418 1193 1508 lege
1226 1417 1517 1495 Servilia,
1547 1417 1845 1503 dixerat,

248 1519 402 1577 tres
437 1508 755 1578 excitavit
802 1520 869 1577 et
913 1506 931 1575 i
988 1536 1053 1577 se
1094 1508 1412 1596 lectores,
1452 1508 1692 1600 hisque
1729 1536 1848 1601 pa-

248 1600 391 1667 tris
420 1603 565 1684 ejus
596 1599 903 1689 dialogos
931 1535 1123 1667 «ledit
1156 1600 1517 1691 legendos:
1552 1626 1844 1692 quorum

254 1715 423 1757 cum
458 1689 529 1757 in
564 1690 945 1758 Privernati
982 1716 1190 1775 unuS,
1228 1690 1400 1758 alter
1435 1692 1506 1758 in
1533 1691 1842 1773 Albane,

252 1780 509 1849 tertius
572 1780 643 1854 in
718 1780 998 1850 Tiburti
1074 1805 1454 1848 sermonem
1532 1780 1844 1849 habitum

256 1860 881 1961 complecteretur„
932 1870 1374 1963 requirebat,
1405 1870 1553 1937 ·uhi
1617 1884 1846 1939 essent
1893 1950 1898 1957 ³

255 1988 355 2031 eae
378 1960 853 2051 possessiones.
882 1968 1136 2032 Omnes
1158 1975 1383 2031 autem
1414 1960 1562 2029 illas
1586 1966 1842 2029 Brutus

252 2052 709 2137 vendiderat3
758 2067 867 2135 et,
906 2078 1055 2122 cum
1107 2063 1390 2141 paterna
1421 2051 1843 2143 manciparet

258 2142 519 2235 praedia
545 2196 563 2225 ,
610 2144 826 2236 turpis
862 2142 1263 2211 habebatur.
1361 2175 1366 2179 ·

357 2232 611 2301 Similis
670 2234 738 2319 in
776 2235 1082 2325 apologis
1126 2259 1396 2337 quoque
1439 2245 1506 2301 et
1551 2232 1868 2325 quibus-¹·

258 2320 431 2398 dam,
480 2322 684 2398 etiam
736 2324 1011 2393 interim
1060 2323 1367 2392 historiis
1420 2323 1840 2415 exponendis

260 2413 482 2505 gratia
510 2414 832 2507 consequi
870 2414 1062 2484 solet.
1095 2414 1233 2484 Sed
1260 2415 1526 2483 acutior
1549 2428 1654 2487 est,
1679 2415 1795 2485 illa
1816 2467 1840 2499 ,

258 2518 463 2597 atque
496 2506 796 2575 velocior
838 2505 907 2574 in
948 2505 1331 2574 urbanitate
1361 2506 1678 2575 brevitas.
1712 2511 1842 2573 Cu-

256 2599 369 2684 jus
394 2596 665 2687 quidem
702 2597 954 2689 duplex
979 2610 1079 2665 est
1117 2593 1330 2664 forma
1360 2649 1376 2677 ‚
1412 2594 1726 2678 dicendi,
1759 2620 1860 2672 ac,

264 2686 755 2777 respondendi:
782 2687 897 2757 sed
920 2688 1096 2755 ratio
1131 2686 1508 2755 communis
1529 2687 1600 2755 in
1627 2697 1834 2777 parte.

262 2777 452 2846 Nihil
480 2779 663 2846 enim
691 2778 761 2846 in
784 2777 1176 2863 lacessendo
1207 2776 1342 2846 dici
1377 2790 1621 2870 potest,
1651 2776 1840 2869 quod

271 2892 411 2936 non
459 2869 664 2937 etiam
716 2870 784 2937 in
831 2868 1376 2961 repercutiendo.

282 2981 303 3009 ⁴
356 2964 497 3027 VII.
518 2966 687 3029 Cum
710 2960 843 3028 sint
867 2972 1091 3027 autem
1127 2958 1257 3027 loci
1288 2959 1536 3051 plureS,
1570 2984 1649 3027 ex
1731 2958 1835 3027 ui-

262 3044 389 3118 bus
426 3050 607 3119 dicta
645 3050 932 3121 ridicula
966 3050 1347 3135 ducantur,
1389 2984 1836 3142 repetendum

268 3155 365 3208 est
400 3140 605 3226 mihi,
654 3168 802 3226 non
838 3168 1073 3227 omnes
1101 3168 1214 3211 eos
1259 3139 1645 3231 oratoribus
1674 3165 1836 3208 con-

266 3232 516 3301 venire.
560 3238 635 3301 ln
674 3233 909 3324 primis
951 3242 1178 3329 autem
1240 3258 1319 3313 ex⁶
1380 3230 1858 3333 amphibolia,-

328 3354 421 3426 (ι)
450 3375 497 3411 2.
521 3355 583 3408 de
598 3352 839 3425 Oratore,
861 3355 975 3445 ²²3?
999 3368 1048 3406 et
1076 3356 1426 3447 p‘to-Cluentio
1487 3355 1608 3439 ¹4⁰3
