2175 3809
240 1022 426 1128 22:35
459 1053 468 1063 “
1073 1117 1086 1131 .
1450 1118 1464 1133 .
1713 1118 1727 1133 .
1771 1119 1786 1132 .
1925 1121 1940 1133 .

258 1142 395 1214 pari·
465 1127 733 1185 menter
759 1116 1090 1208 gratulari
1142 1118 1523 1189 Academiae
1572 1124 1990 1207 Parisiensl·‚

234 1214 400 1253 nemu

263 1264 384 1313 laun.

463 284 586 377 vffj
925 295 1015 361 ..P
1044 315 1247 363 amr
1280 314 1327 364 A
1355 318 1398 365 'r
1428 318 1456 363 1
1489 318 1554 365 o.

457 392 536 449 -et
559 379 1199 473 praestantissimum
1229 394 1719 479 praeceptorum
1743 410 1995 479 genus,

465 471 713 542 summi
751 472 935 545 illius
967 476 1099 547 viri
1134 490 1203 546 et
1233 478 1306 546 in
1335 478 1653 548 omnibus
1674 479 1997 555 oratoriis

455 561 835 635 virtutibus
867 568 1389 639 eminentissimi
1423 569 1719 663 diligens
1747 570 1999 639 obser-

459 655 671 727 vatio.
695 663 906 729 Hunc
940 658 957 727 i
1003 659 1191 745 itur,
1219 673 1496 731 auctore
1529 660 1745 731 Fabio
1768 714 1786 747 ‚
1806 670 2001 753 spec*

453 758 614 815 tent
650 774 665 817 τ
701 748 836 819 hoc
898 684 1031 819 vsigi
1089 764 1482 845 proponant
1559 752 1939 845 exemplum
1966 764 1992 823 ἐ

461 848 764 932 tuncque
799 866 868 909 se
901 840 1098 914 valde
1124 844 1492 934 profecisse
1540 843 1761 916 sciant
1784 898 1803 931 ,
1838 846 1999 915 cum

462 927 602 999 illis
626 932 867 1003 Cicero
899 932 1097 1005 valde
1123 933 1443 1027 placebit.
1662 950 1670 957 “
1962 958 1979 969 ⁴

557 1027 781 1116 Atque
815 1050 941 1117 ego
969 1050 1111 1095 non
1143 1034 1414 1118 possum
1448 1026 1565 1097 hic
1594 1052 1737 1096 non
1770 1027 1996 1097 vehe-

463 1206 648 1298 apud
730 1208 1145 1279 uammultis
1192 1214 1328 1299 jam
1358 1209 1612 1280 abhinc
1644 1210 1842 1279 annis
1870 1210 1993 1280 in-

457 1299 678 1371 valuit
733 1298 1076 1371 audabilis
1108 1299 1228 1371 illa
1260 1300 1683 1372 consuetudo
1716 1354 1735 1387 ‚
1788 1327 1989 1395 quam

456 1389 713 1461 Fabius
748 1404 1105 1483 tantopere
1126 1394 1579 1463 commendat.
1610 1398 1991 1465 Personant

424 1484 772 1555 certatim
793 1483 1159 1577 gymnasia
1192 1483 1379 1554 illius
1427 1483 1658 1554 omnia
1714 1486 1989 1555 erudito

456 1574 750 1667 strepitu
774 1574 1313 1645 adolescentium
1346 1575 1420 1645 in
1462 1574 1751 1667 singulis
1794 1576 1992 1667 schoss

455 1661 544 1734 lis
601 1672 870 1735 Graecos
925 1666 1347 1759 Latinosque
1416 1680 1727 1736 auctores
1784 1673 1990 1759 quam

451 1754 789 1848 plurimos
821 1782 962 1827 non
993 1757 1261 1827 minore
1324 1757 1564 1847 judicii
1600 1760 1801 1852 quam
1836 1770 1993 1833 me?-

453 1849 688 1919 moriae
716 1848 917 1920 laude
943 1848 1482 1943 explanantium.
1504 1854 1590 1919 Et
1606 1854 1765 1920 vero
1786 1876 1990 1943 quem

451 1939 755 2011 fructum
790 1966 1026 2034 speres·
1049 1945 1088 2013 a
1118 1939 1415 2035 publicis
1450 1941 1703 2013 scholis
1731 1995 1749 2028 ‚
1781 1942 1832 2011 si
1869 1945 1991 2035 pei·

447 2043 673 2103 totum
707 2033 870 2103 an-ni
921 2033 1341 2104 curriculum
1394 2034 1574 2103 liber
1634 2059 1811 2103 unus
1868 2046 1992 2105 aut

449 2123 626 2194 alter
655 2122 936 2217 Virgilii
971 2137 1040 2193 et
1067 2124 1293 2208 Livii,
1323 2137 1441 2194 aut
1467 2124 1816 2217 perbrevis
1850 2152 1989 2196 una

447 2215 800 2288 Ciceronis
831 2216 1054 2285 oratio
1088 2216 1529 2310 perlegatur?
1588 2222 1726 2306 Qui
1777 2230 1990 2309 pote-⁴

444 2322 614 2378 runt
647 2307 1116 2397 adolescentes
1150 2308 1283 2379 sibi
1318 2334 1560 2401 parare
1585 2310 1723 2382 vim
1756 2322 1821 2379 et
1856 2336 1989 2378 co-

443 2398 631 2493 piam
664 2398 1539 2493 verborum'optimorum‚
1585 2399 1768 2470 unde
1816 2404 1989 2471 tan-'

441 2516 648 2587 quam
670 2494 706 2563 ὲ
727 2518 910 2587 penu
935 2503 1004 2562 et
1034 2492 1336 2586 reposito
1362 2494 1685 2563 thesauro
1709 2506 1988 2563 sumant

492 2610 590 2655 uae
624 2584 712 2655 ad
745 2584 1185 2656 scribendum
1212 2586 1591 2655 necessaria
1617 2598 1817 2668 sunt,
1844 2585 1983 2677 nisi

437 2610 741 2748 ffectione
773 2676 990 2747 multa
1024 2689 1123 2745 et*
1150 2676 1400 2746 idonea
1450 2674 1795 2766 copiosam
1846 2675 1987 2747 s'ibi

438 2768 938 2860 supellectilem
973 2766 1382 2859 collegerint
1413 2777 1438 2838 ἲ
1473 2770 1611 2855 Qui
1648 2782 1987 2860 poterunt

437 2859 570 2930 sibi
613 2859 778 2953 ipsis
812 2860 1100 2932 induere
1132 2871 1378 2929 rectam
1404 2857 1811 2951 eloquentiae
1840 2860 1988 2929 for-

435 2977 616 3022 mam
643 3005 662 3038 ,
700 2952 832 3023 nisi
870 2950 1142 3024 assidua
1176 2950 1623 3022 meditatione
1654 2963 1987 3043 praestan-

385 3075 391 3081 ·
433 3044 704 3114 tissimi·
733 3048 1061 3137 cujusque
1112 3042 1467 3134 scriptoris
1499 3068 1657 3113 suos
1695 3043 1983 3113 imbue—

433 3136 576 3205 rint
610 3135 874 3207 animos
895 3148 1002 3223 ‚et
1028 3134 1189 3205 inde
1222 3135 1414 3229 quasi
1443 3135 1741 3204 colorem
1765 3136 1983 3205 duxe-

431 3227 628 3299 rint?
661 3234 888 3317 Hujus
925 3228 1253 3297 au-temin
1304 3226 1597 3319 legendo
1657 3228 1997 3316 et-judi-·

433 3320 653 3393 cando
707 3321 997 3395 solertiae
1035 3318 1221 3391 inter
1260 3320 1584 3415 antiquos
1614 3318 1921 3414 optimus
1954 3374 1977 3409 ,

2016 3500 2043 3548 Q
