2175 3809
423 198 602 277 Ὰῃε,
639 217 733 267 AN
765 220 1052 267 NATURA
1082 220 1250 266 nus
1284 221 1579 267 vAmsAr.
1683 204 1810 285 129

219 292 276 367 si
315 319 428 363 ars
463 304 564 363 est
609 286 1004 373 dialectice,
1058 286 1245 393 quod
1293 289 1435 359 sere
1496 301 1818 375 constat;

219 412 380 457 cum
413 384 500 455 ab
541 404 619 453 ea
654 380 881 473 spec-ie
915 406 1131 487 magis
1164 407 1367 476 quam
1402 407 1650 475 genere
1683 380 1821 451 dif-

217 477 422 561 ferat.
456 475 754 547 Sed-nec
781 471 900 541 illa
931 472 1315 543 omittenda
1344 486 1503 543 sunt
1528 499 1550 558 3
1577 499 1710 566 qua
1744 474 1843 564 in·

217 595 292 639 re
330 569 510 638 alius
545 594 618 637 se
654 562 1225 649 inartificialiter,
1262 564 1437 635 alius
1476 564 1820 635 artificia-

217 660 387 743 liter
439 674 674 752 gerat,
726 657 798 725 in
840 681 920 726 ea
967 682 1109 744 esse
1168 669 1430 742 artem3
1480 670 1549 727 et
1584 656 1655 727 in
1690 684 1821 743 ee,

215 752 412 846 quod
445 751 568 845 qui
619 747 982 835 didicerit,
1022 748 1267 819 melius
1318 748 1524 819 saciat
1552 802 1572 835 ,
1608 775 1815 855 quam

161 896 174 911 .
213 844 337 938 qui
387 868 530 913 non
575 840 934 926 didicerit,
970 867 1113 911 esse
1149 854 1385 911 artem.
1418 846 1631 934 Atqui
1668 868 1813 913 non

213 935 446 1017 solum
473 934 718 1005 doctus
740 932 1126 1018 indoctum,
1162 933 1281 1004 sed
1307 934 1514 1004 etiam
1540 933 1816 1005 doctior

211 1026 500 1097 doctum
569 1028 643 1097 in
699 1024 1050 1095 rhetorices
1119 1051 1327 1119 opere
1391 1026 1743 1118 superabit
1786 1054 1811 1114 3

211 1144 446 1215 neque
495 1130 722 1189 essent
767 1121 913 1207 ejus
963 1116 1165 1185 aliter
1204 1128 1341 1186 tam
1376 1118 1591 1187 multa
1626 1144 1812 1210 prae-

213 1225 460 1303 cepta,
508 1223 780 1303 tamque
825 1207 1057 1301 magni
1091 1261 1109 1290 ,
1161 1208 1280 1300 qui
1331 1208 1679 1279 docerent.
1726 1211 1809 1283 Id

207 1300 404 1396 quod
439 1328 594 1373 cum
625 1300 948 1397 omnibus
983 1298 1453 1370 confitendum
1487 1312 1632 1386 est,
1656 1314 1808 1374 tum

207 1394 420 1465 nobis
466 1395 846 1487 praecipue,
892 1391 1010 1485 qui
1059 1390 1399 1463 'rationem
1440 1392 1717 1466 dicendi
1766 1420 1820 1465 a-

205 1484 405 1555 bono
438 1486 585 1557 viro
601 1548 607 1551 .
623 1512 763 1555 non
797 1509 1217 1577 separamus.

203 1638 1805 1673 §uxttxsxt5352xetxxxxxaesxxxsssxxvuxtaxssssxsxssst⁸S

629 1733 1030 1798 CAPUT
1123 1734 1366 1799 XIX.

404 1870 512 1933 Ex·
538 1895 642 1954 quo
689 1894 885 1953 genere
934 1875 1137 1936 artium
1182 1874 1259 1931 sit
1298 1871 1605 1933 Rhetorice.

206 1996 418 2109 Cum
435 2034 573 2104 sint
593 2047 820 2105 autem
839 2033 1091 2104 artium
1123 2031 1270 2103 aliae
1290 2033 1525 2125 positae
1560 2034 1632 2105 in
1662 2035 1804 2120 ins-‚-

206 2128 581 2223 pectione,
621 2126 694 2196 id
741 2139 883 2211 est,
925 2125 1324 2220 cognitione
1380 2138 1449 2194 et
1496 2127 1804 2199 aestima-

205 2222 407 2291 tione
435 2244 662 2289 rerum
696 2270 716 2304 ,
759 2219 982 2313 qualis
1036 2230 1141 2287 est
1184 2218 1551 2313 astrologia
1576 2274 1595 2307 ,
1628 2220 1803 2289 nul-

205 2313 360 2383 lum
392 2311 676 2403 exigens
724 2324 984 2393 actum,
1033 2310 1350 2403 sed-ipso
1405 2312 1552 2397 rei,
1602 2318 1801 2405 cujus

209 2404 519 2475 studium
555 2401 805 2487 hahet,
841 2402 1201 2473 intellectu
1250 2416 1615 2490 contenta,
1650 2433 1799 2499 quae

206 2501 479 2579 emm-mn*
539 2504 874 2577 vocatur3
923 2494 1074 2564 aliae
1132 2494 1204 2563 in
1264 2494 1575 2589 agendo,
1634 2523 1805 2591 qua·-

209 2609 370 2653 rum
417 2584 490 2654 in
533 2586 667 2656 hoc
698 2584 856 2656 finis
903 2599 1041 2670 est,
1073 2597 1147 2656 et
1181 2586 1328 2679 ipso
1384 2598 1540 2657 actu
1595 2590 1804 2681 perfi-

209 2676 446 2761 citur,
506 2676 822 2771 nihilque
881 2692 1036 2771 post
1106 2690 1336 2747 actum
1406 2680 1635 2771 operis
1693 2708 1801 2753 re-

209 2767 506 2859 linquit,
565 2796 714 2861 quae
751 2777 1026 2854 mamm}
1067 2768 1367 2854 dicitur,
1430 2771 1653 2863 qualis
1698 2786 1803 2845 est

209 2860 490 2930 saltatio
517 2888 532 2929 ε
561 2861 708 2931 aliae
737 2860 808 2931 in
831 2862 1078 2931 effectu
1099 2913 1119 2946 ,
1147 2886 1295 2954 quae
1314 2862 1541 2953 operis
1570 2916 1589 2947 ,
1614 2864 1803 2956 quod

209 2951 436 3023 oculis
494 2952 902 3043 subjicitur,
939 2954 1525 3025 consummatione
1588 2953 1801 3029 finem

207 3043 600 3136 accipiunt,
627 3070 832 3137 quam
859 3056 1125 3128 anm-miv
1152 3045 1611 3141 appellamus,
1638 3073 1803 3140 qua-

203 3134 298 3207 lis
329 3148 430 3205 est
465 3135 756 3227 pictura.
1709 3167 1729 3223 χ

211 3280 224 3295 ,
283 3226 958 3322 ,Ferejudicandum
983 3241 1086 3299 est
1117 3228 1478 3298 rhetoricen
1522 3226 1594 3298 in
1638 3243 1801 3321 actu

205 3319 611 3391 consistere.
639 3326 796 3413 Hoc
829 3320 1052 3409 enim,
1084 3318 1271 3417 quod
1305 3330 1407 3479 θεὲ
1436 3320 1649 3430 =officii
1690 3322 1803 3404 sui

1456 3432 1497 3483 ο
1647 3437 1655 3447 ·
1726 3416 1739 3440 '
