2175 3809
423 330 548 401 192
855 315 1038 379 Lus.
1085 314 1217 377 IV.
1268 310 1445 379 ΟΜ».
1492 310 1543 377 Ι.
1896 376 1902 385 ,

391 415 564 487 --tur3
590 412 709 471 aut
739 404 844 488 (1)
868 403 924 471 si
945 399 1118 470 facie
1140 425 1409 492 quoque
1445 400 1587 492 ipsa
1612 396 1987 491 premitur}

415 493 522 563 vel
555 492 816 564 invidia
836 491 1270 571 consistentis
1290 518 1369 560 ex
1387 490 1653 561 diverso
1671 491 1944 581 patroni
1965 544 1985 575 ,

417 595 538 653 aut
592 583 836 677 patriS,
884 582 990 653 vel
1042 581 1451 651 miserabilis
1492 579 1711 663 senis,
1760 581 1917 649 caeci
1948 632 1988 664 ⁴,

419 673 723 745 infantis.
785 681 878 743 Et
935 671 1213 765 quidem
1259 724 1280 757 ‚
1354 672 1601 764 quibus
1666 670 1987 741 adversus

416 764 562 835 haec
633 763 852 834 modis
928 766 1017 832 sit
1091 762 1503 833 medendum
1546 815 1565 841 ,
1634 760 1990 857 verbosius

414 854 746 939 tradunt,
799 854 1251 946 materiasque
1304 854 1431 945 ipsi
1487 852 1618 922 sibi
1670 852 1991 945 fingunt,

417 958 487 1033 et
523 946 608 1015 ad
633 970 891 1015 morem
924 950 1255 1016 actionum
1294 955 1836 1037 persequuntur:
1872 943 1991 1013 sed

417 1036 598 1123 hmo,
629 1062 786 1107 eum
817 1037 1133 1107 oriantur
1164 1061 1243 1106 ex
1270 1039 1817 1127 causis,quarum
1848 1061 1990 1126 spe-

419 1127 558 1199 cies
588 1128 910 1221 consequi
959 1153 1193 1197 omnes
1228 1151 1366 1197 non
1416 1143 1805 1219 possumus,
1858 1125 1989 1195 nisi

418 1220 833 1311 generaliter
882 1216 1587 1311 comprehendantur,
1636 1218 1708 1286 in
1765 1216 1991 1285 infini-

389 1323 567 1379 .tum
615 1323 774 1379 sunt
797 1309 1235 1381 extrahenda.
1262 1316 1491 1399 Quare
1519 1307 1806 1400 singulis
1838 1332 1989 1379 con·

421 1400 651 1470 silium
678 1428 756 1469 ex
782 1401 1060 1493 propria
1085 1399 1352 1469 ratione
1380 1412 1714 1473 nascetur.

514 1490 693 1566 Illud
738 1491 810 1559 in
860 1492 1254 1560 universum
1290 1504 1696 1582 praeceptum
1731 1488 1859 1572 sit,
1917 1501 1989 1559 ut

346 1617 354 1621 -
395 1580 514 1649 :ab
543 1580 656 1664 iis,
700 1606 844 1673 quae
886 1580 1173 1661 laedunt,
1218 1581 1305 1649 ad
1348 1606 1426 1650 ea
1480 1606 1623 1672 quae
1674 1592 1985 1673 prosunt,

423 1671 861 1763 refugiamus.
880 1672 950 1741 Si
971 1696 1177 1741 causa
1197 1670 1688 1756 laborabimus,
1704 1695 1988 1763 persona

424 1760 787 1832 subveniat
833 1789 848 1832 z
895 1762 952 1831 si
999 1788 1289 1855 persona
1318 1817 1336 1846 ,
1382 1788 1635 1832 causa:
1679 1765 1733 1831 si
1772 1762 1986 1844 nihil,

388 1904 394 1913 -
428 1853 615 1947 quod
652 1879 774 1923 nos
824 1853 1135 1944 adjuvet,
1160 1854 1324 1939 erit,
1360 1878 1735 1947 quaeramus
1760 1906 1779 1936 ,
1828 1852 1993 1946 quid

427 1944 888 2014 adversarium
938 1944 1155 2014 laedat.
1198 1952 1371 2015 Nam
1405 1958 1481 2015 ut
1526 1944 1989 2037 optabileest,

381 2098 390 2107 .
427 2035 580 2126 plus
631 2036 879 2105 favoris
909 2034 1187 2121 mereri3
1250 2037 1353 2111 sic
1381 2037 1760 2127 proximum
1786 2088 1805 2121 ,
1851 2034 1991 2105 odii

426 2126 674 2201 minus.
713 2132 787 2195 In
818 2126 944 2210 iis,
979 2151 1125 2216 quae
1169 2128 1403 2219 negari
1460 2153 1598 2197 non
1632 2139 1989 2219 poterunt,

397 2215 919 2285 ,elaborandum
943 2268 962 2299 ,
990 2230 1066 2285 ut
1097 2229 1215 2287 aut
1264 2220 1527 2288 minora
1549 2272 1567 2303 ,
1601 2243 1801 2311 quam
1852 2218 1994 2286 dic-

427 2318 570 2375 tum
599 2306 716 2388 sit,
759 2319 878 2375 aut
906 2306 1040 2376 alia
1071 2324 1296 2377 mente
1320 2310 1526 2394 facta,
1556 2322 1673 2377 aut
1704 2308 1883 2378 nihil
1912 2305 1993 2377 ad

429 2410 824 2489 praesentem
887 2399 1327 2491 quaestionem
1410 2400 1751 2491 pertinere
1796 2452 1817 2484 ,
1880 2410 1993 2479 aut

385 2558 392 2578 ί
427 2488 775 2557 emendari
811 2514 1002 2580 posse
1030 2490 1466 2581 poenitentia,
1506 2504 1623 2561 aut
1651 2490 1813 2561 satis
1864 2494 1993 2581 jam

429 2578 671 2671 punita
705 2578 1088 2651 videantur}
1934 2640 1945 2647 .

387 2732 391 2736 ,
474 2696 482 2701 ·
517 2669 813 2762 Ideoque
848 2696 1047 2763 agere
1107 2670 1473 2759 advocate,
1528 2682 1729 2765 quam
1771 2672 1997 2763 litiga-

425 2761 599 2845 tori,
648 2761 957 2847 facilius3
1012 2763 1174 2855 quia
1206 2776 1275 2831 et
1319 2764 1552 2833 laudat
1593 2764 1739 2833 sine
1794 2788 1997 2839 arro-

423 2852 668 2944 gantiae
746 2852 1028 2923 crimine
1059 2906 1078 2938 ,
1145 2866 1213 2923 et
1288 2854 1657 2948 aliquando
1736 2854 2001 2924 utiliter

425 2943 629 3012 etiam
647 2942 1145 3034 reprehendere
1171 2957 1413 3036 potest.
1439 2954 1610 3016 Nam
1631 2972 1699 3015 se
1726 2969 1999 3051 quoque

425 3034 679 3102 moveri
709 3033 985 3104 interim
1007 3033 1249 3127 finget,
1282 3048 1356 3105 ut
1382 3064 1504 3129 pro
1524 3036 1809 3106 Rabirio
1845 3043 2001 3105 Pos-

424 3122 660 3195 thumo
691 3124 930 3195 Cicero
963 3176 982 3211 ,
1007 3124 1172 3195 dum
1218 3127 1482 3199 aditum
1515 3128 1645 3198 sibi
1678 3126 1767 3197 ad
1798 3150 2000 3196 aures

490 3290 580 3359 (α)
611 3294 667 3343 si
703 3295 858 3345 cliens
887 3290 1117 3349 adversus
1152 3312 1416 3367 patronum
1438 3340 1453 3365 ‚
1482 3314 1567 3351 aut
1602 3302 1735 3353 filius
1770 3300 1837 3351 ad
1847 3316 2004 3352 remus

421 3368 608 3431 patrem
621 3370 730 3434 aga}
743 3396 760 3423 ‚
774 3361 922 3440 facies
941 3362 1046 3478 ⁵3⁸⁸
1063 3378 1111 3413 et
1120 3366 1371 3432 prasentia
1386 3366 1641 3435 utriusque
1655 3406 1670 3429 ,
1690 3378 1790 3433 aut,
1806 3364 2005 3420 etiamsi

421 3419 564 3487 nbat,
573 3422 764 3475 invidia
781 3440 889 3493 quae
899 3444 954 3481 m
993 3446 1018 3479 e
1033 3431 1269 3499 nascitur,
1280 3432 1515 3485 clientem
1525 3445 1609 3485 aut
1619 3432 1785 3485 filium
1799 3437 2003 3499 premit.

1756 3500 2009 3589 saciat,

2103 0 2121 349 l
