2175 3809
342 245 489 313 ‘368
722 244 906 311 Lus.
964 244 1100 310 vl.
1159 242 1349 310 Cn’.
1396 245 1533 311 IV.
1761 298 1766 303 .

352 334 467 407 sis,
518 338 693 403 Nam
754 330 876 403 uhi
916 328 1102 405 vinci
1147 356 1422 403 necesse
1481 344 1627 417 est,
1660 330 1944 424 expedit

352 426 597 496 cedere
624 450 648 511 3
674 424 879 518 quia,
926 422 1065 496 sive
1096 422 1295 517 plura
1329 436 1526 508 sunt,
1561 423 1647 495 de
1682 417 1944 517 quibus

352 516 725 623 quaeritur,
790 513 1062 588 facilior
1113 514 1245 585 erit
1289 516 1363 585 in
1411 516 1672 591 caeteris
1717 514 1947 601 fide53

351 634 495 679 sive
548 632 809 693 unum,
871 606 1108 677 mitior
1157 606 1334 678 solet
1389 606 1681 700 irrogari
1735 632 1946 699 poena

350 688 805 771 verecundiae.
856 706 1029 769 Nam
1080 699 1354 793 culpam
1395 698 1942 790 praesertique-

346 790 759 885 prehensam
783 843 804 877 ‚
847 788 1297 885 pertinaciter
1329 790 1508 859 tueri
1535 790 1789 883 ,culpa
1822 788 1946 871 al—,

350 894 505 952 tera
530 893 653 953 est.

445 978 635 1043 Dum
666 985 801 1043 stat
832 971 1051 1057 acies„
1077 968 1275 1041 multi
1311 970 1382 1041 in
1420 998 1492 1041 re
1530 972 1801 1042 consilii
1837 982 1946 1040 at-

350 1090 486 1158 que
530 1063 695 1134 artis
747 1076 899 1149 est,
947 1076 1023 1132 ut
1080 1075 1423 1132 errantem
1473 1062 1944 1133 adversarium

322 1156 588 1225 'trahas
617 1208 637 1240 ‚
682 1166 749 1224 et
782 1153 882 1224 ire
914 1180 1120 1248 quam
1154 1154 1547 1247 longissime
1581 1180 1784 1247 cogas
1808 1207 1828 1238 ‚
1865 1166 1946 1223 ut

354 1272 535 1318 vana
580 1245 859 1317 interim
905 1272 1022 1338 spe
1068 1245 1378 1315 exsultet.
1421 1246 1586 1314 Ideo
1632 1245 1946 1338 quaedam

352 1337 536 1409 bene
582 1337 1106 1407 dissimulantur
1155 1336 1629 1417 instrumenta.
1675 1344 1948 1406 Instant

358 1429 593 1513 enim,
644 1441 714 1497 et
758 1454 932 1521 saepe
984 1427 1354 1497 discrimen
1404 1454 1604 1499 omne
1639 1428 1951 1498 commit-

357 1532 559 1605 tunt,
586 1519 771 1625 quod
798 1520 1029 1589 deesse
1057 1517 1257 1587 nobis
1284 1531 1558 1610 putant,
1585 1532 1652 1589 et
1677 1519 1948 1589 faciunt

407 1608 884 1681 robatronibus
911 1610 1163 1679 nostris
1195 1611 1672 1681 auctoritatem
1709 1624 1952 1703 postu-

354 1638 594 1773 fando,
634 1700 930 1795 Expedit
974 1700 1182 1771 etiam
1217 1700 1390 1771 dare.
1415 1701 1679 1795 aliquid
1708 1701 1954 1773 adver-

360 1793 545 1864 sario
575 1847 594 1877 ‚
632 1792 844 1885 *quod
874 1818 1001 1887 pro
1057 1817 1128 1862 se
1183 1806 1414 1887 putet,
1473 1793 1660 1886 quod
1701 1820 1952 1887 appre-

359 1885 675 1955 hendens
706 1938 726 1970 ‚
760 1890 979 1976 majus
1036 1882 1300 1979 aliquid
1357 1898 1644 1979 cogatur
1695 1884 1956 1953 dimit·-

358 1986 509 2047 tere
530 2003 553 2061 3
586 1976 755 2047 duas
776 1975 1059 2048 interim
1079 2002 1184 2047 res
1205 2002 1586 2070 proponere
1602 2030 1624 2061 a,
1657 2002 1954 2069 quarum

362 2066 765 2138 utramlibet
816 2068 994 2138 male
1058 2069 1148 2138 sit
1204 2068 1594 2138 electurus:
1639 2066 1826 2161 quod
1876 2068 1955 2137 in

364 2157 796 2231 altercatione
820 2158 900 2228 fit
923 2160 1304 2251 potentiuS,
1325 2186 1528 2253 quam
1554 2160 1626 2229 in
1652 2164 1954 2239 actione;

284 2324 287 2329 ,
364 2250 532 2343 quia
552 2250 625 2322 in
646 2249 992 2321 illa·nobis
1016 2250 1147 2356 ipsi
1175 2252 1664 2345 respondemus
1682 2304 1701 2335 ‚
1723 2250 1796 2320 in
1819 2250 1956 2322 hac

374 2340 843 2412 adversarium
867 2368 1061 2435 quasi
1097 2343 1480 2413 confessum
1513 2358 1848 2413 tenemus,

458 2436 579 2502 Est
615 2431 689 2507 in
716 2432 971 2526 'primis
1016 2435 1244 2519 acuti,
1290 2434 1522 2505 videre
1571 2460 1709 2527 quo
1749 2432 1960 2523 judex

371 2522 560 2593 dicto
619 2536 1015 2609 moveatur,
1056 2523 1226 2617 quid
1279 2540 1555 2617 respuat
1591 2552 1607 2594 ε
1643 2522 1828 2619 quod
1877 2548 1960 2592 ex

364 2614 566 2686 vultu
642 2614 1003 2707 saepissime
1048 2668 1068 2701 ‚
1146 2630 1215 2685 et
1292 2617 1378 2685 ali
1437 2616 1664 2686 uando
1751 2615 1962 2685 etiam

371 2706 560 2777 dicto
603 2707 835 2800 aliquo
888 2708 1152 2777 factove
1197 2711 1344 2795 ejus
1387 2642 1962 2802 deprehenditur.

369 2801 461 2867 Et
496 2798 750 2868 instare
784 2797 1309 2890 proficientibus
1334 2852 1353 2883 ,
1404 2812 1471 2867 et
1519 2798 1606 2868 ab
1647 2799 1772 2878 iis,
1812 2822 1964 2887 quae

372 2914 521 2958 non
584 2889 961 2978 adjuvant,
998 2916 1203 2982 quam
1266 2889 1661 2961 mollissime
1717 2889 1964 2981 pedem

374 2993 652 3074 oportet
695 2981 971 3053 referre.
1010 2982 1310 3054 Faciunt
1345 2982 1480 3053 hoc
1511 2980 1760 3051 medici
1795 3003 1966 3072 quo·-

378 3098 511 3164 que
553 3125 575 3155 ‚
639 3080 729 3141 ut'
784 3072 1085 3143 remedia
1170 3072 1457 3165 perinde
1530 3082 1970 3179 perseverent

376 3160 707 3231 adhibere
739 3216 757 3247 ‚
811 3164 917 3234 vel
966 3164 1339 3251 desinant,
1397 3178 1474 3235 ut
1529 3165 1647 3235 1lla
1703 3162 1965 3255 recipi,

374 3250 483 3317 vel
574 3254 801 3343 respui
895 3255 1155 3325 vident.
1237 3264 1754 3349 Nonnunquam
1811 3305 1830 3337 ,
1909 3252 1966 3321 si

368 3361 515 3411 rem
548 3344 859 3419 evolvere
906 3347 1331 3437 propositam
1380 3348 1586 3419 facile·
1634 3371 1775 3418 non
1831 3343 1968 3431 sit,
