2175 3809
581 153 727 225 [DE
775 178 966 245 Loms
1013 173 1610 223 Anoumnmonmt.
1750 154 1884 237 273
1970 166 1979 181 ·

393 246 748 319 Intuendae
781 259 944 315 sunt
967 298 984 329 ‚
1021 245 1493 339 praecipueque
1531 242 1601 311 in
1632 245 1879 334 conjec-

301 344 475 411 turis
493 392 510 423 ‚
533 351 596 408 et
631 338 1117 423 (Osacultates.
1144 334 1560 405 Credibilius
1582 346 1681 403 est
1702 333 1887 401 enim

302 432 568 521 >occisos
595 455 631 498 a
658 428 968 521 pluribus
995 428 1380 521 pauciores,
1408 452 1446 493 a
1470 423 1887 495 firmioribus
1926 512 1928 516 ι

306 519 834 602 imbecilliores»,
883 546 920 589 a
953 518 1398 611 vigilantibus
1430 516 1887 601 dormientes,

303 638 346 681 a
375 612 768 704 praeparatis
798 610 1257 703 inopinantes.
1279 616 1593 696 Quorum
1620 619 1892 677 contra-

305 702 416 772 ria
463 703 540 771 in‘
570 701 911 771 diversum
951 701 1203 771 valent.
1235 706 1401 769 Haec
1432 698 1597 768 etin
1631 697 1893 767 delibe-

307 792 528 863 rando
565 793 946 879 intuemur,
981 803 1048 863 et
1074 792 1143 861 in
1181 790 1455 881 judiciis
1482 790 1567 860 ad
1588 789 1755 859 duas
1781 814 1889 859 res

307 884 607 953 solemus
639 882 938 971 referre,
984 910 1074 953 an
1120 881 1395 955 voluerit
1420 886 1597 975 quis,
1632 908 1720 950 an
1746 906 1890 973 po·-

302 981 524 1045 tuerit.
555 980 726 1044 Nam
759 988 828 1044 et
859 974 1281 1045 voluntatem
1314 1000 1465 1065 spes
1494 973 1680 1043 facit.
1700 973 1891 1043 Hinc

307 1066 432 1137 illa
457 1091 494 1135 a
550 1065 640 1135 ud
661 1066 1060 1135 Ciceronem
1085 1070 1459 1159 conjectura
1480 1089 1502 1134 .·
1526 1064 1893 1135 Insidiatus

303 1168 408 1229 est
441 1156 496 1227 C
521 1156 716 1227 odius
747 1154 1038 1242 Miloni,
1085 1184 1215 1227 non
1249 1155 1429 1227 Milo
1464 1154 1701 1227 Clodio
1726 1182 1748 1224 .·
1774 1154 1893 1227 ille

307 1274 454 1319 cum
485 1253 686 1319 servis
726 1247 1012 1317 robustis
1039 1299 1058 1331 ‚
1088 1247 1199 1317 hic
1230 1272 1375 1317 cum
1404 1246 1743 1315 mulierum
1780 1272 1893 1317 co-

307 1344 546 1409 mitatu
580 1366 604 1411 .·
633 1338 748 1409 ille
775 1343 844 1407 in
873 1364 909 1407 e
951 1364 1036 1407 uo
1055 1390 1074 1422 ‚
1106 1337 1217 1409 hic
1246 1342 1315 1407 in
1342 1336 1552 1407 rheda
1576 1363 1599 1407 .·
1628 1338 1741 1407 ille
1778 1364 1893 1410 ex-

301 1432 569 1521 peditus
581 1481 600 1515 ‚
613 1364 974 1520 hicpenuya
989 1431 1295 1499 irretitus·
1306 1428 1515 1499 Facul
1525 1428 1643 1497 tati
1662 1442 1893 1501 autem

311 1522 476 1591 licet
496 1523 1025 1595 instrumentum
1045 1526 1487 1613 conjungere.
1512 1527 1685 1591 Sunt
1704 1521 1893 1592 enim

313 1612 388 1683 in
426 1626 614 1705 parte
645 1610 988 1683 facultatis
1022 1626 1088 1682 et
1117 1612 1349 1704 copiae.
1370 1613 1503 1683 Sed
1535 1637 1614 1681 ex
1638 1613 1897 1683 instru-

312 1717 546 1773 mento
579 1703 950 1795 aliquando
985 1703 1189 1773 etiam
1234 1704 1427 1796 signa
1465 1717 1843 1773 nascuntur
1869 1754 1890 1789 ‚

311 1807 392 1865 ut
417 1794 752 1886 spiculum
787 1796 858 1863 in
895 1820 1179 1885 corpore
1210 1794 1588 1863 inventum.

352 1906 360 1918 ··
405 1886 534 1955 His
567 1886 892 1975 adjicitur
919 1892 1020 1971 (2)
1045 1882 1285 1953 modus
1311 1891 1340 1967 (
1412 1910 1563 1955 uem
1586 1896 1760 1969 τρέποι
1786 1884 1893 1955 di-

311 1984 524 2061 cunt)
560 2003 694 2069 quo
721 1977 1083 2069 quaeritur‚
1114 1911 1687 2067 quemagmodum
1720 1975 1891 2067 quid

313 2068 406 2137 s'it
463 2068 714 2137 sactum
760 2095 774 2136 z
833 2068 904 2137 id
944 2065 1129 2159 quod
1178 2079 1321 2136 tum
1350 2066 1458 2143 ad
1500 2066 1888 2159 qualitatem

285 2163 754 2253 ,saeptumque
799 2158 1145 2253 pertinet3
1203 2171 1279 2227 ut
1312 2184 1352 2243 ,·
1396 2158 1453 2237 si
1512 2184 1837 2251 negemus
1870 2211 1891 2244 ‚
1950 2225 1955 2229 .

315 2248 700 2319 adulterum
747 2276 1010 2321 veneno
1055 2250 1384 2320 occidisse
1420 2302 1441 2334 ‚
1491 2276 1645 2320 cum
1708 2252 1890 2323 ferro

313 2340 620 2419 licuisset
649 2340 960 2411 occidere
983 2392 1003 2425 ‚
1059 2340 1179 2411 sed
1238 2342 1345 2412 vel
1405 2341 1821 2431 oportuisset
1870 2368 1888 2411 t

312 2444 460 2502 tum
511 2432 596 2501 ad
629 2436 1033 2524 conjecturas
1077 2455 1391 2538 quoque;
1422 2444 1535 2519 ut,
1579 2432 1635 2503 si
1671 2434 1895 2505 dicam

313 2520 498 2592 bona
541 2542 548 2549 ·
576 2536 800 2593 mente
855 2523 1109 2593 factum
1144 2575 1165 2608 ‚
1232 2523 1521 2617 ideoque.
1588 2526 1823 2617 palam
1874 2551 1892 2594 t

315 2614 494 2683 mala
526 2667 544 2697 ,
610 2614 900 2706 ideoque
953 2624 1064 2684 ex'
1096 2612 1365 2685 insidiis
1398 2666 1417 2699 ‚
1489 2627 1697 2685 noctu
1732 2667 1753 2700 ‚
1819 2614 1895 2685 in

316 2702 718 2775 solitudine.
1047 2728 1050 2733 ·
1401 2748 1411 2752 -

403 2802 484 2865 In
514 2797 722 2866 ⁴rebus
747 2798 972 2867 autem
1001 2796 1322 2867 omnibus
1344 2848 1363 2881 ‚
1398 2795 1483 2867 de
1510 2822 1795 2889 quarum
1822 2797 1893 2867 vi

316 2902 437 2957 aut
478 2898 722 2957 natura
749 2888 1115 2981 quaeritur,
1149 2914 1449 2981 quasque
1486 2888 1691 2957 etiam
1726 2888 1898 2959 citra

315 2978 741 3071 complexum
790 3005 1236 3072 personarum
1261 3033 1282 3066 ‚
1314 2987 1846 3073 eaeterorumque
1871 3034 1893 3068 ‚

281 3151 290 3156 ’
331 3146 358 3189 ‘-
385 3154 464 3221 (5)
495 3140 803 3205 Facultates.
824 3156 922 3207 Pro
944 3154 1171 3220 Milone,
1190 3170 1334 3203 num.
1360 3151 1441 3219 54.
1468 3152 1548 3203 55.
1584 3154 1682 3207 Pro
1714 3118 1897 3207 Roscio

313 3221 488 3275 Amet.
517 3240 572 3271 n.
595 3221 678 3288 74.
709 3235 755 3270 et
775 3238 858 3287 92.
883 3221 968 3285 93.
1873 3240 1885 3265 ὴ

342 3322 350 3330 -
380 3286 466 3354 (ι)
491 3285 702 3339 Modus.
719 3288 816 3341 Pro
832 3286 946 3341 Mil.
963 3304 1018 3337 ιι.
1038 3283 1103 3337 33
1121 3296 1169 3337 et
1186 3282 1267 3349 54.
1292 3285 1389 3337 Pro
1406 3284 1557 3336 domo
1573 3302 1661 3337 sua
1682 3324 1699 3355 ,
1728 3304 1781 3339 ιι.
1809 3282 1895 3343 53.

1366 3356 1559 3425 MS·
