2175 3809
400 300 483 369 24
860 285 1043 356 Lm:
1082 291 1132 354 1.
1184 290 1362 355 Car.
1409 291 1514 356 11.

400 378 749 462 curritur)
786 403 925 447 non
954 391 1178 447 tamen
1231 378 1360 447 hoc
1387 404 1468 446 eo
1492 375 1670 446 valet
1696 429 1714 462 ‚
1759 388 1834 444 ut
1867 374 1967 446 fu-

398 467 660 558 giendae
679 467 817 537 sint
834 470 1120 540 omnino
1146 468 1414 542 schoiae.
1431 468 1644 540 Aliud
1663 480 1762 538 est
1779 467 1967 539 enim

398 559 609 630 vitare
654 586 766 629 eas
799 613 819 644 ‚
864 560 1051 629 aliud
1101 560 1376 665 eligere.
1557 631 1572 648 ⁶

335 735 349 745 .
490 657 572 719 11.
606 657 691 720 Et
723 650 778 719 si
814 658 914 738 (ι)
950 651 1391 722 refutavimus
1412 677 1558 742 quae
1587 662 1824 720 contra
1848 649 1972 720 di-

400 755 683 824 cuntur,
720 747 854 829 jam
877 741 1288 836 explicemus
1313 796 1330 827 ,
1367 742 1533 836 quid
1561 742 1689 834 ipsi
1714 768 1974 834 sequa-

395 859 576 902 mur.
609 839 787 902 Ante
824 834 1091 916 omnia,
1131 835 1401 904 futurus
1428 846 1658 903 orator
1683 887 1702 918 ,
1751 833 1859 902 cui
1897 832 1972 903 in

399 925 691 994 maxima
754 925 1151 995 celebritate
1187 939 1254 996 et
1314 925 1386 995 in
1443 925 1665 994 media
1725 925 1974 1018 reipu-
2075 947 2082 952 ·

396 1014 591 1086 blicae
628 1016 780 1085 luce
831 1016 1201 1086 vivendum
1243 1030 1342 1086 est
1374 1070 1395 1100 .,
1450 1029 1788 1086 assuescat
1833 1021 1974 1104 jam

397 1133 436 1175 a
466 1120 701 1177 tenero
737 1133 877 1177 non
904 1108 1348 1179 reformidare
1376 1108 1722 1192 homine5‚
1750 1133 1975 1200 neque

398 1198 520 1268 illa
570 1199 874 1272 solitaria
911 1211 980 1269 et
1022 1200 1210 1270 velut
1231 1199 1606 1270 ‘umbratili
1646 1198 1786 1268 vita
1827 1198 1978 1291 pal-

398 1289 675 1362 lescere.
758 1292 1139 1363 Ex'citanda
1217 1318 1408 1362 mens
1446 1297 1524 1362 ‘et
1597 1289 1978 1362 attollenda

398 1408 665 1476 semper
722 1396 858 1484 est3
911 1409 1059 1488 ‹311ae
1114 1385 1188 1454 in
1250 1380 1643 1473 hujusmodi
1697 1381 1978 1452 secretis

402 1487 519 1542 aut
592 1473 971 1579 languescit
1026 1527 1047 1558 ,
1094 1487 1163 1544 et
1215 1472 1574 1567 quemdam
1648 1472 1838 1544 velut
1901 1473 2039 1566 in*-

400 1588 616 1656 opaco
656 1576 862 1634 situm
896 1563 1088 1635 ducit
1118 1593 1133 1634 ε
1189 1577 1305 1633 aut
1359 1577 1602 1634 contra
1657 1565 1982 1634 tumescit

400 1655 590 1725 inani
632 1654 1095 1748 persuasione.
1140 1662 1424 1726 Necesse
1472 1667 1574 1725 est
1619 1655 1805 1724 enim
1840 1655 1978 1726 sibi

388 1747 694 1818 ‘nimium
725 1746 1028 1831 tribuat,
1111 1748 1175 1818 ui
1211 1774 1282 1818 se
1315 1746 1573 1818 nemini
1603 1759 1978 1838 comparat.

382 1839 712 1925 Deinde,
748 1865 901 1908 cum
929 1775 1342 1932 proilerenda
1367 1851 1527 1910 sunt
1553 1837 1816 1923 studia,
1849 1865 1980 1909 ca-

358 1936 363 1940 ’
400 1931 568 2024 ligat
602 1932 670 2003 in
710 1930 850 2000 sole
878 1985 894 2013 ,
930 1943 997 2000 et
1042 1932 1274 2002 omnia
1307 1957 1484 2000 nova
1515 1929 1811 2012 offendit
1845 1956 1869 2015 3
1903 1943 1980 2000 ut

400 2024 516 2116 qui
554 2023 737 2094 solus
772 2022 1130 2107 didicerit,
1157 2021 1344 2116 quod
1375 2021 1554 2092 inter
1584 2019 1836 2092 multos
1879 2022 1980 2092 fa·-

401 2113 723 2184 ciendum
748 2125 869 2182 est.
896 2114 1106 2182 Mitto
1159 2113 1494 2182 amicitias
1535 2123 1681 2207 quae
1739 2113 1824 2182 ad
1859 2140 1981 2184 se·-

400 2218 747 2274 nectutem
789 2229 999 2296 usque
1034 2204 1434 2274 firmissimae
1468 2204 1719 2274 durant
1751 2259 1768 2288 ‚
1803 2205 1982 2276 reli-

400 2295 589 2388 giosa
632 2295 921 2402 quadam
966 2295 1470 2366 necessitudine
1498 2296 1797 2366 imbutae.
1825 2304 1982 2367 Ne-

400 2413 531 2479 que
552 2412 734 2456 enim
756 2401 858 2456 est
885 2389 1224 2477 sanctius,
1256 2387 1463 2460 sacris
1483 2387 1746 2474 iisdem,
1773 2414 1983 2481 quam

400 2479 644 2548 studiis
672 2478 957 2548 initiari.

461 2575 745 2639 Sensum
766 2575 869 2660 (2)
897 2570 1142 2662 ipsum,
1161 2571 1276 2663 qui
1299 2570 1678 2640 communis
1699 2570 1984 2658 dicitur,

399 2659 520 2728 ubi
566 2660 821 2745 discet,
858 2689 1011 2732 cum
1060 2689 1130 2732 se
1163 2689 1199 2732 a
1234 2670 1600 2754 congressu
1627 2716 1645 2745 ,
1683 2665 1798 2756 qui
1836 2691 2006 2754 non,

398 2751 797 2822 hominibus
830 2755 1047 2824 solum
1082 2807 1101 2835 ,
1141 2753 1259 2823 sed
1291 2753 1496 2824 mutis
1525 2780 1798 2846 quoque
1829 2757 1987 2826 ani-

398 2843 693 2913 malibus
728 2846 1060 2916 naturalis
1093 2859 1228 2929 est,
1265 2847 1636 2937 segregarit
1669 2855 1694 2915 ?
1725 2846 1925 2916 Adde
1960 2901 1983 2934 ‚

395 2935 587 3030 quod
643 2935 823 3006 domi
872 2964 951 3006 ea
1008 2937 1150 3006 sola
1203 2937 1462 3006 discere
1516 2950 1786 3030 potest,
1829 2965 1984 3030 quae

400 3028 528 3120 ipsi
576 3027 1059 3120 praecipientur
1097 3056 1113 3097 ε
1149 3029 1222 3108 in
1258 3029 1491 3099 schola
1524 3082 1543 3112 ,
1582 3027 1786 3100 etiam
1829 3057 1984 3123 quae

469 3151 565 3285 ξι)
593 3155 656 3204 Et
690 3153 929 3222 quoniam
947 3191 963 3217 ‚
990 3154 1244 3221 siquidem
1270 3155 1610 3206 refutavimus.

506 3223 571 3281 α)
607 3221 703 3270 Per
728 3237 919 3268 sensum
943 3237 1242 3271 cormnunem
1257 3262 1272 3288 ‚
1297 3221 1533 3299 intelligit
1555 3219 1785 3290 peritiam
1807 3237 1988 3300 quap-

400 3281 515 3332 dam
536 3295 582 3331 et
598 3285 952 3353 experientiam
968 3307 995 3351 ,·
1014 3303 1124 3354 quae
1147 3306 1210 3337 ex
1225 3289 1493 3338 hommum
1511 3303 1772 3352 congressu
1793 3305 1988 3339 sensim

400 3347 675 3464 eygzitur,
696 3353 1066 3423 appellaturque
1082 3356 1111 3402 a
1130 3353 1370 3408 Cicerone
1399 3357 1667 3404 communis
1687 3349 1985 3420 prudentia.

1825 3483 1992 3558 alii-s

2145 498 2148 588 Ι
