2175 3809
433 321 524 365 22
891 297 1069 362 Lu.
1118 297 1169 360 1.
1220 295 1399 361 CAr.
1448 290 1547 360 11.

439 386 583 455 uni.
604 390 788 454 Ante
808 383 1036 454 omnia
1064 383 1239 450 nihil
1266 382 1582 474 prohibet
1606 406 1747 452 esse
1777 380 2011 466 istum,

437 478 668 546 nescio
695 500 901 568 quem
933 500 1142 543 unum
1168 527 1187 558 .,
1236 475 1439 542 etiam
1474 501 1627 544 cum
1661 499 1741 542 eo
1778 475 1895 565 qui
1936 475 2012 542 in

396 612 403 617 ·
437 569 686 636 scholis
719 566 1050 639 eruditur.
1089 564 1223 633 sed
1242 567 1501 634 etiamsi
1532 565 1721 656 jungi
1754 577 2015 634 utrum·
2058 598 2065 605 ·

435 685 568 751 que
595 683 734 727 non
789 670 1057 749 posset,
1098 657 1325 724 lumen
1374 670 1601 724 tamen
1637 655 1812 724 illud
1846 681 2018 724 con-

435 763 678 818 ventus
724 747 1223 828 honestissimi,
1282 747 1581 816 tenebris
1622 773 1701 817 ac
1746 746 2012 815 solitu-

421 840 584 910 dini
635 839 1098 933 praetulissem.
1153 845 1327 915 Nam
1368 841 1665 930 optimus
1720 839 2013 930 quisque

431 944 808 1024 praeceptor
855 931 1237 1022 frequentia
1287 930 1585 1022 gaudet,
1638 956 1716 999 ac
1752 936 2014 1016 majore

429 1034 504 1092 'se
535 1023 802 1092 theatro
825 1021 1111 1112 dignum
1136 1034 1351 1113 putat.
1382 1028 1471 1089 At
1498 1048 1657 1090 vero
1678 1021 2009 1106 minores,

334 1136 342 1145 ·
427 1140 513 1183 ex
569 1113 1010 1184 conscientia.
1047 1138 1183 1182 suae
1238 1111 1702 1195 infirmitatis,
1749 1112 2009 1182 haerere

340 1295 342 1297 .
435 1207 534 1274 sin
586 1206 718 1274 ulis
766 1257 784 1289 .,
849 1218 918 1274 et
984 1205 1213 1273 officio
1258 1204 1449 1296 fungi
1500 1197 2019 1296 quodammodo

347 1297 352 1302 ’
433 1323 531 1389 pae
585 1322 955 1390 agogorum
981 1322 1121 1366 non
1152 1295 1622 1388 indignantur.
1654 1293 1785 1364 Sed
1816 1321 2014 1386 praes-

425 1401 530 1458 tet
557 1389 761 1466 alicui
802 1389 909 1456 vel
939 1388 1160 1480 gratia
1202 1441 1219 1470 ‚
1248 1388 1351 1456 vel
1380 1387 1681 1456 amicitia
1706 1400 1731 1469 '‚
1757 1387 1865 1456 vei
1893 1389 2015 1478 p'e-

425 1480 638 1548 cunia
663 1532 682 1563 ‚
711 1491 788 1548 ut
833 1477 1300 1548 doctissimum
1342 1491 1545 1570 atque
1585 1479 2016 1569 incompara-

423 1569 642 1639 bilem
693 1567 1323 1660 magistrum·domi
1362 1568 1609 1638 habeat
1636 1623 1655 1654 ‚
1705 1593 1873 1638 num
1913 1580 2015 1638 ta-

429 1688 586 1752 men
616 1661 730 1730 ille
759 1670 975 1730 totum
999 1660 1072 1728 in
1100 1685 1239 1728 uno
1266 1659 1455 1729 diem·
1480 1673 2013 1751 consumpturus

423 1767 534 1822 vest
569 1761 730 1822 ?aut
757 1764 977 1845 potest
1014 1777 1156 1820 esse
1192 1751 1329 1820 ulla
1356 1765 1493 1820 tam
1518 1763 1847 1844 perpetua
1871 1749 2017 1820 dis-

425 1846 644 1916 centis
665 1844 981 1929 intenti0‚
997 1869 1145 1935 quae
1164 1869 1323 1927 non,
1354 1855 1429 1912 ut
1444 1840 1627 1933 yisus
1648 1841 2011 1916 oculorum

417 1936 676 2007 *obtutu
713 1936 1079 2018 continue,
1114 1935 1491 2026 fatigetur?
1521 1952 1673 2023 cum
1716 1959 2013 2026 praeser-

415 2027 552 2098 tim
586 2029 801 2117 mul-to
829 2027 981 2119 plus
1013 2027 1251 2094 secreti
1296 2033 1401 2110 (1)
1428 2026 1755 2117 temporis
1778 2023 2011 2094 studia

413 2119 842 2189 desiderent.
884 2125 1122 2210 Neque
1179 2115 1361 2185 ehim
1412 2116 1743 2186 ediscenti
1784 2169 1805 2199 .,
1846 2117 2014 2186 scri-

413 2210 650 2295 benti,
677 2223 745 2279 et
762 2207 1107 2300 cogitanti
1124 2221 1496 2299 praeceptor
1520 2207 1811 2293 ass'istit3
1837 2209 2010 2299 q'uo-

427 2326 578 2370 rum
636 2300 900 2392 aliquid
939 2299 1301 2391 agentibus
1330 2353 1348 2384 ‚
1386 2305 1853 2391 cujuscunque
1899 2299 2010 2370 in·-

427 2405 777 2464 terventus
811 2391 1303 2484 impedimento
1326 2404 1447 2460 est.
1474 2391 1714 2463 Lectio
1734 2415 2011 2482 quoque

419 2508 570 2552 =non
627 2483 887 2568 omnis,
922 2509 1050 2552 nec
1085 2509 1351 2574 semper
1378 2487 1480 2567 (2)
1517 2495 1862 2574 praeeunte
1896 2481 2013 2552 vel

428 2575 920 2668 interpretante
950 2587 1121 2666 eget.
1154 2573 1449 2662 Quando
1491 2574 1678 2642 enim.
1709 2586 1809 2642 tot
1842 2586 2037 2643 auc-'

423 2679 650 2736 torum
703 2666 952 2736 notitia
1003 2666 1435 2754 contingeret
1470 2668 1493 2732 ?
1532 2667 1733 2756 Ergo
1776 2665 2010 2734 modi-

427 2784 582 2828 cum
608 2772 872 2847 tempus
898 2770 998 2828 est
1023 2810 1040 2838 ‚
1076 2783 1213 2850 quo
1249 2757 1318 2826 in
1355 2768 1574 2826 totum
1602 2755 1783 2826 diem
1815 2755 2010 2842 velut

427 2875 599 2942 opus
657 2850 1037 2932 ordinetur.
1091 2848 1389 2941 Ideoque
1454 2874 1575 2941 per
1630 2847 1859 2939 piures
1904 2848 2007 2918 ire

425 2953 710 3033 possunt
736 2941 939 3010 etiam
1021 2967 1117 3008 uae
1144 2939 1431 3032 singulis
1454 2939 1783 3008 tradenda
1818 2951 2005 3008 sunt.

297 3070 338 3102 η
424 3034 618 3116 Piera
673 3059 756 3101 ue
789 3057 950 3101 vero
1034 3057 1164 3101 ano
1206 3031 1673 3124 conditionem
1704 3029 2007 3118 habent,

425 3137 501 3193 ut
543 3152 578 3194 e
675 3151 780 3202 em
816 3147 977 3196 voce
1011 3122 1100 3192 ad
1130 3149 1365 3194 omnes
1404 3122 1607 3194 simul
1652 3121 2008 3214 perferan-

492 3313 547 3378 (ι
574 3313 596 3381 )
617 3316 733 3368 Vox
755 3316 845 3365 ista
863 3353 878 3380 ‚
895 3319 1147 3384 temporiS,
1170 3315 1304 3367 deest
1320 3315 1374 3364 in
1402 3315 1607 3382 Argent-
1627 3311 1867 3364 editione.

492 3411 558 3476 (ιι
575 3411 594 3478 )
621 3411 950 3480 Pmlegenze.
