2175 3809
534 272 649 337 Dn
699 291 970 337 ornem
1016 282 1520 340 rnAEcnrroms.
1694 294 1776 360 71

185 361 561 436 rhetorum
594 358 891 429 diximus
915 411 935 444 ‚
966 357 1196 429 mente
1219 358 1578 453 consequi.
1614 385 1787 453 pos-

190 453 285 524 sit
316 506 339 537 ‚
396 451 793 522 tradendus
846 456 995 538 ejus
1038 451 1204 540 artis
1245 451 1587 544 magistris
1635 453 1790 522 erit.

191 551 523 632 Quorum
552 543 625 612 in
674 541 1211 635 primisinspici
1255 567 1477 612 mores
1517 556 1795 636 oporte-

191 635 325 706 bit.
362 633 577 724 Quod
612 660 745 726 ego
782 659 925 704 non
958 633 1218 706 idcirco
1253 634 1682 727 potissimum
1716 634 1793 704 in

192 726 333 796 hac
352 738 549 819 parte
571 737 865 794 tractare
888 751 1039 795 sum
1060 745 1439 832 aggressus,
1511 727 1623 796 uia
1649 751 1795 798 non

197 817 557 897 incaeteris
578 843 848 911 quoque
870 817 1269 894 doctoribus
1295 817 1476 888 idem
1545 843 1794 888 ocexa-
1850 878 1858 887 .

198 909 618 982 minandum
672 933 879 1002 quam
933 908 1460 1003 diligentissime
1502 922 1738 1001 putem
1773 961 1796 994 ‚

204 1002 387 1072 sicut
407 1012 699 1070 testatus
724 1027 873 1070 sum
895 999 1071 1071 libro
1095 1002 1323 1094 priore
1337 1005 1532 1091 (c‘ap.
1553 1025 1580 1069 1
1606 1011 1670 1070 et
1696 1009 1811 1087 2);

206 1093 330 1164 sed
363 1091 551 1185 quod
570 1092 783 1184 magis
819 1092 1268 1162 necessariam
1303 1097 1450 1180 ejus
1485 1091 1583 1160 rei
1614 1116 1800 1160 men-

206 1185 475 1253 tionem
506 1181 669 1252 faci't
692 1196 849 1254 aetas
881 1184 898 1252 i
956 1211 1028 1254 sa
1060 1184 1500 1256 discentium.
1528 1189 1701 1252 Nam
1731 1193 1804 1252 et

212 1274 437 1344 adulti
462 1276 606 1344 fere
632 1276 827 1368 pueri
856 1209 951 1344 ag
963 1264 1087 1345 hos
1109 1287 1558 1368 praeceptores
1579 1288 1804 1343 trans·-
1853 1279 1858 1286 ’

213 1367 543 1436 feruntur
566 1379 689 1462 ‚net
722 1364 910 1474 apud
942 1392 1059 1436 eos
1082 1371 1366 1459 juvenes
1397 1367 1604 1436 etiam
1638 1365 1804 1436 facti

211 1470 657 1552 perseverant
694 1481 741 1549 3¹
776 1458 1071 1554 ideoque
1135 1462 1354 1548 major
1407 1457 1804 1528 adhibenda

211 1560 369 1620 tum
426 1575 587 1620 cura
636 1561 773 1635 est,
811 1565 887 1620 ut
936 1563 1004 1620 et
1037 1551 1416 1620 teneriores
1453 1576 1670 1620 annos
1715 1548 1803 1619 ab

214 1638 480 1729 injuria
536 1642 861 1715 sanctitas
916 1642 1228 1714 docentis
1279 1643 1634 1712 custodiat
1668 1649 1808 1724 ‚et

216 1730 593 1802 ferociores
653 1759 693 1802 a
749 1726 1032 1804 licentia
1081 1734 1378 1828 gravitas
1439 1733 1806 1804 deterreat.

214 1829 463 1916 Neque
494 1849 687 1904 vero„
714 1825 877 1897 satis
934 1839 1035 1895 est
1098 1849 1428 1895 summam
1489 1837 1806 1916 praestare

219 1912 714 1986 abstinentiam
746 1969 767 2002 ‚
824 1917 956 1986 nisi
1022 1916 1404 2008 disciplinae
1447 1915 1808 1990 severitate

222 2006 789 2078 convenientium
844 2034 1116 2106 quoque
1161 2007 1248 2078 ad
1297 2033 1366 2076 se
1408 2031 1629 2077 mores
1677 2003 1814 2076 ad·-

220 2097 603 2169 strinxerit.
635 2103 876 2170 Sumat
936 2102 959 2170 i
1011 2101 1152 2170 itur
1199 2113 1358 2169 ante
1400 2097 1630 2168 omnia
1680 2121 1816 2190 pa-

224 2189 450 2259 rentis
476 2216 633 2283 erga
684 2127 1061 2286 discipulgos
1107 2217 1264 2261 suos
1313 2191 1617 2261 animum
1653 2241 1671 2274 ‚
1737 2213 1816 2258 ac

226 2279 599 2352 succedere
654 2309 725 2354 se
777 2284 849 2353 in
902 2310 1142 2354 eorum
1172 2284 1448 2366 iocum,
1490 2309 1529 2351 a
1563 2280 1815 2374 quihus

227 2371 370 2441 sibi
404 2371 603 2444 liberi
642 2373 1042 2460 traduntur,
1077 2375 1437 2444 existimet.
1489 2379 1640 2464 Ipse
1687 2397 1818 2441 nec

228 2462 676 2535 habeat-vitia
693 2519 712 2551 ‚
745 2493 871 2536 nec
898 2469 1091 2536 ferat.
1109 2473 1268 2536 Non
1294 2465 1650 2561 austeritas
1670 2465 1818 2552 ejus

230 2554 455 2624 tristis
476 2608 495 2639 ,
528 2581 667 2629 non
698 2557 1032 2628 dissoluta
1064 2559 1151 2628 sit
1176 2557 1460 2626 comitas
1486 2582 1508 2642 3
1539 2555 1819 2642 nelinde

234 2647 477 2716 odium
503 2699 524 2730 .,
573 2649 739 2720 hinc
792 2663 1225 2743 contemptus
1268 2648 1552 2718 oriatur.
1589 2648 1818 2719 Pluri-

232 2763 395 2824 mus
446 2740 511 2808 ei
577 2740 659 2810 de
718 2741 1009 2812 honesto
1063 2768 1140 2812 ac
1189 2741 1376 2810 bono
1431 2741 1517 2810 sit
1575 2767 1819 2810 serm0.

234 2837 413 2900 Nam
458 2857 596 2923 quo
648 2833 890 2924 saepius
945 2833 1293 2904 monuerit
1327 2888 1345 2917 ‚
1409 2831 1540 2902 hoc
1597 2831 1818 2902 rarius

233 2921 626 3013 castigabit.
656 2925 947 2994 Minime
982 2925 1355 2994 iracundus
1381 2947 1560 3008 3‘nec
1591 2937 1820 2993 tamen

234 3037 483 3082 eorum
509 3067 530 3098 ‚
571 3042 718 3109 quae
753 3011 1181 3086 emendanda
1229 3029 1466 3095 erunt,
1504 3015 1853 3084 dissimum

236 3103 471 3190 lato-r3
515 3107 801 3201 simplex
834 3108 904 3177 in
936 3107 1284 3193 docendo,
1323 3107 1591 3201 patiens
1633 3103 1825 3187 labo-

236 3195 337 3266 ris
379 3249 399 3280 ,
449 3199 765 3272 assiduus
816 3199 1043 3292 potius
1086 3254 1105 3285 ‚
1138 3226 1342 3293 quam
1395 3196 1822 3268 immodicus·

232 3291 845 3382 Interrogantibus
870 3291 1169 3382 libenter
1203 3289 1613 3381 respondeat
1632 3339 1652 3374 ‚-
1683 3305 1826 3358 n‘on

238 3379 757 3484 interrogantes
790 3395 1234 3486 percontetur
1282 3379 1485 3452 ultro.
1528 3387 1608 3451 ln
1660 3380 1822 3451 lau-
