2175 3809
542 212 658 287 De
706 212 1140 286 Rem-omem
1185 231 1599 288 mmmmm.
1756 218 1838 288 81

246 307 523 380 teneris
554 312 697 378 non
749 317 994 399 putant
1037 305 1500 376 adhibendam
1542 331 1684 376 esse
1727 301 1858 374 sal-

252 427 410 472 cem
437 455 456 486 ,
500 399 664 492 quia
701 395 1149 466 reformidare
1199 397 1453 468 serrum
1487 399 1856 482 videntur,

228 489 329 562 *et
372 490 765 562 cicatricem
806 486 1116 557 nondum
1155 485 1298 580 pati
1337 514 1556 581 posse.
1589 496 1859 560 Jucun-

252 583 390 653 dus
456 607 624 673 ergo
672 592 821 648 tum
872 578 1159 648 maxime
1207 578 1413 650 debet
1463 605 1605 650 esse
1670 581 1856 672 prae-

254 683 551 767 ceptor,
584 684 661 741 ut
705 669 1004 740 remedia
1038 721 1057 754 ‚
1101 695 1248 763 quae
1300 669 1558 765 alioqui
1603 683 1852 740 natura

254 777 420 833 sunt
466 788 705 856 aspera
737 815 756 848 ,
798 759 987 830 molli
1030 786 1240 830 manu
1271 761 1620 832 leniantur
1633 787 1658 846 3
1685 761 1852 830 ¹lau-

254 853 423 924 dare
452 852 718 945 aliqua,
748 852 925 921 serre
950 851 1286 944 quaedam,
1315 867 1579 923 mutare
1605 849 1848 942 etiam,

254 945 699 1016 reddita-cur
741 942 813 1020 id
860 939 982 1012 fiat
1029 944 1353 1030 ratione3
1399 944 1790 1015 illuminare
1822 995 1848 1032 ,

256 1033 772 1130 interponendo
824 1032 1088 1126 aliquid
1143 1035 1273 1104 sui.
1325 1041 1843 1128 Nonnunquam

253 1125 388 1198 hoc
420 1152 699 1220 quoque
734 1123 865 1195 erit
890 1123 1083 1208 utile,
1114 1137 1292 1196 totas
1325 1127 1548 1220 ipsum
1579 1127 1842 1197 dictare

261 1227 362 1305 (ι)
400 1217 724 1288 materias
750 1269 769 1300 ‚
819 1242 986 1308 quas
1036 1229 1104 1284 et
1163 1217 1470 1290 imitetur
1503 1241 1675 1311 puer
1707 1270 1726 1301 ‚
1777 1229 1848 1288 et

182 1330 193 1338 ·
254 1309 542 1380 interim
598 1320 925 1400 tanquam
978 1333 1132 1376 suas
1183 1322 1382 1377 amet.
1437 1315 1529 1378 At
1587 1308 1642 1379 si
1701 1321 1842 1379 tam

252 1399 617 1496 negligens
646 1399 711 1469 ei
760 1397 975 1503 stylus
1013 1397 1266 1486 fuerit,
1311 1411 1386 1468 ut
1419 1398 1847 1472 emendatio-

252 1515 413 1562 nem
453 1517 595 1561 non
629 1489 1282 1584 recipiat‚expertus
1317 1516 1462 1562 sum
1495 1491 1850 1585 prodesse,

250 1583 530 1676 quoties
562 1581 868 1652 eamdem
902 1579 1254 1654 materiam
1289 1603 1585 1654 rursusa
1607 1609 1711 1653 me
1733 1591 1837 1670 (2)

248 1685 617 1744 tractatam
666 1671 963 1742 scribere
1016 1671 1100 1743 de
1151 1674 1422 1780 integro
1478 1674 1844 1764 juberem·;

249 1791 454 1859 posse
498 1763 684 1834 enim
718 1789 872 1833 eum
924 1763 1148 1834 adhuc
1185 1767 1426 1835 melius
1447 1819 1466 1850 ‚
1503 1779 1844 1858 quatenus

246 1857 455 1926 nullo
504 1856 718 1950 magis
764 1853 992 1925 studia
1022 1907 1041 1940 .,
1078 1859 1298 1949 'quam
1340 1883 1457 1948 spe
1515 1855 1842 1948 gaudent.

247 1949 481 2019 Aliter
516 1958 741 2016 autem
766 1946 910 2016 alia·
934 1958 1094 2016 aetas
1127 1946 1554 2016 emendanda
1586 1958 1730 2031 est,
1773 1961 1845 2018 et

244 2063 377 2132 pro
429 2037 639 2108 modo
680 2037 931 2108 virium
974 2037 1385 2131 exigendum
1417 2091 1437 2123 .,
1488 2051 1556 2108 et
1609 2038 1842 2108 corri—

248 2129 559 2223 gendum
584 2153 777 2222 opus.
809 2127 1125 2199 Solebam
1159 2155 1287 2223 ego
1321 2130 1550 2200 dicere
1577 2128 1846 2222 pueris,

248 2221 524 2315 aliquid
574 2221 757 2290 ausis
820 2219 1140 2297 licentius
1197 2239 1316 2291 aut
1365 2221 1628 2306 laetius,
1690 2218 1842 2291 lau-

219 2311 421 2384 'dare
472 2311 653 2383 illud
698 2337 801 2383 me
848 2312 1072 2383 adhuc
1097 2366 1115 2398 ‚
1174 2324 1503 2384 venturum
1537 2323 1786 2404 tempus
1813 2365 1836 2400 ‚

244 2431 379 2497 quo
413 2403 588 2475 idem
621 2429 750 2474 non
774 2409 1206 2494 permitterem
1248 2431 1270 2474 :
1317 2404 1410 2474 ita
1453 2417 1520 2474 et
1555 2404 1836 2498 ingenio

248 2495 691 2588 gaudebant,
730 2508 799 2565 et
830 2494 1090 2585 judicio
1126 2522 1265 2565 non
1304 2494 1741 2566 fallebantur.

343 2585 481 2657 Sed
515 2598 592 2658 ut
623 2612 705 2656 eo
737 2599 1073 2671 revertar,
1110 2586 1292 2658 unde
1321 2613 1466 2662 sum
1493 2611 1802 2680 egressus
1815 2613 1841 2672 ;

247 2677 700 2749 Narrationes
734 2678 911 2784 stylo
946 2679 1305 2784 componi,
1339 2692 1594 2773 quanta
1623 2677 1838 2749 maxi-

246 2795 362 2840 ma
397 2769 621 2862 possit·
646 2769 955 2838 adlnbita
997 2769 1358 2862 diligentia
1385 2823 1402 2852 ,
1440 2771 1620 2840 volo,
1660 2777 1838 2839 Nam

248 2874 329 2930 ut
373 2861 595 2954 primo
623 2914 644 2946 ‚
694 2885 847 2930 cum
894 2885 1114 2930 sermo
1151 2861 1575 2945 instituitur,
1606 2859 1834 2930 dicere

298 2978 401 3020 uae
422 2950 802 3033 audierint,
829 2949 1123 3022 utile'est
1145 2955 1372 3046 pueris
1392 2953 1476 3023 ad
1506 2949 1834 3044 loquendi

246 2979 685 3130 geminem,
720 3041 1011 3136 ideoque
1063 3058 1131 3114 et
1162 3059 1344 3116 retro
1389 3067 1586 3135 agere
1628 3067 1834 3132 expo-

358 3217 377 3250 1
394 3198 423 3333 ζ
442 3183 505 3254 A*
519 3219 569 3251 ne
604 3201 915 3268 emendatas,
950 3213 999 3252 et
1022 3202 1242 3253 maxima
1273 3213 1409 3270 parte
1437 3199 1750 3267 compositas.

240 3199 423 3388 ναξ-ἰ,
442 3266 987 3387 ἒὲῗὲιξο.οιρῑίεειῐαω.
1033 3269 1296 3322 Addebam
1338 3281 1487 3333 posse
1521 3281 1631 3318 eum
1673 3269 1841 3322 adhuc

244 3389 259 3406 ⁷
1395 3399 1557 3470 D·5
