<?xml version="1.0" encoding="UTF-8"?>
<!DOCTYPE html PUBLIC "-//W3C//DTD XHTML 1.0 Transitional//EN"
    "http://www.w3.org/TR/xhtml1/DTD/xhtml1-transitional.dtd">
<html xmlns="http://www.w3.org/1999/xhtml" xml:lang="en" lang="en">
 <head>
  <title>
</title>
<meta http-equiv="Content-Type" content="text/html;charset=utf-8" />
  <meta name='ocr-system' content='tesseract 3.04.00' />
  <meta name='ocr-capabilities' content='ocr_page ocr_carea ocr_par ocr_line ocrx_word'/>
</head>
<body>
  <div class='ocr_page' id='page_1' title='image "./mfabiiquintilia20quingoog_0189.png"; bbox 0 0 2175 3809; ppageno 0'>
   <div class='ocr_carea' id='block_1_1' title="bbox 351 310 1756 395">
    <p class='ocr_par' dir='ltr' id='par_1_1' title="bbox 351 310 1756 395">
     <span class='ocr_line' id='line_1_1' title="bbox 351 310 1756 395; baseline 0.001 -16"><span class='ocrx_word' id='word_1_1' title='bbox 351 312 467 379; x_wconf 66' lang='lat' dir='ltr'><strong>DE</strong></span> <span class='ocrx_word' id='word_1_2' title='bbox 517 312 1014 379; x_wconf 71' lang='lat' dir='ltr'><strong>Scmrronfflus</strong></span> <span class='ocrx_word' id='word_1_3' title='bbox 1062 312 1516 379; x_wconf 59' lang='lat' dir='ltr'><strong>Rumomcae.</strong></span> <span class='ocrx_word' id='word_1_4' title='bbox 1619 324 1694 395; x_wconf 75' lang='lat'><strong>14</strong></span> <span class='ocrx_word' id='word_1_5' title='bbox 1714 310 1756 380; x_wconf 69' lang='grc' dir='ltr'><strong>τ’</strong></span> 
     </span>
    </p>
   </div>
   <div class='ocr_carea' id='block_1_2' title="bbox 175 398 1829 494">
    <p class='ocr_par' dir='ltr' id='par_1_2' title="bbox 175 398 1829 494">
     <span class='ocr_line' id='line_1_2' title="bbox 175 398 1829 494; baseline 0.001 -26"><span class='ocrx_word' id='word_1_6' title='bbox 175 398 284 491; x_wconf 85' lang='lat' dir='ltr'><strong>qui</strong></span> <span class='ocrx_word' id='word_1_7' title='bbox 311 412 552 469; x_wconf 80' lang='lat' dir='ltr'><strong>contra</strong></span> <span class='ocrx_word' id='word_1_8' title='bbox 581 400 882 469; x_wconf 78' lang='lat' dir='ltr'><strong>sentiant</strong></span> <span class='ocrx_word' id='word_1_9' title='bbox 919 411 988 468; x_wconf 85' lang='lat' dir='ltr'><strong>et</strong></span> <span class='ocrx_word' id='word_1_10' title='bbox 1017 398 1495 486; x_wconf 74' lang='lat' dir='ltr'><strong>adversentur,</strong></span> <span class='ocrx_word' id='word_1_11' title='bbox 1545 426 1751 494; x_wconf 74' lang='lat' dir='ltr'><strong>prop·</strong></span> <span class='ocrx_word' id='word_1_12' title='bbox 1824 441 1829 447; x_wconf 86' lang='lat'><em>·</em></span> 
     </span>
    </p>
   </div>
   <div class='ocr_carea' id='block_1_3' title="bbox 177 490 1753 584">
    <p class='ocr_par' dir='ltr' id='par_1_3' title="bbox 177 490 1753 584">
     <span class='ocr_line' id='line_1_3' title="bbox 177 490 1753 584; baseline 0.004 -27"><span class='ocrx_word' id='word_1_13' title='bbox 177 502 358 561; x_wconf 87' lang='lat' dir='ltr'><strong>terea</strong></span> <span class='ocrx_word' id='word_1_14' title='bbox 417 492 604 583; x_wconf 92' lang='lat' dir='ltr'><strong>quod</strong></span> <span class='ocrx_word' id='word_1_15' title='bbox 661 490 940 583; x_wconf 82' lang='lat' dir='ltr'>plurimi</span> <span class='ocrx_word' id='word_1_16' title='bbox 1016 503 1329 559; x_wconf 79' lang='lat' dir='ltr'><strong>auctores</strong></span> <span class='ocrx_word' id='word_1_17' title='bbox 1368 545 1387 576; x_wconf 91' lang='lat'><strong>,</strong></span> <span class='ocrx_word' id='word_1_18' title='bbox 1444 493 1753 584; x_wconf 82' lang='lat' dir='ltr'><strong>quamvis</strong></span> 
     </span>
    </p>
   </div>
   <div class='ocr_carea' id='block_1_4' title="bbox 177 580 1867 665">
    <p class='ocr_par' dir='ltr' id='par_1_4' title="bbox 177 580 1867 665">
     <span class='ocr_line' id='line_1_4' title="bbox 177 580 1867 665; baseline 0.001 -15"><span class='ocrx_word' id='word_1_19' title='bbox 177 581 410 651; x_wconf 88' lang='lat' dir='ltr'><strong>eodem</strong></span> <span class='ocrx_word' id='word_1_20' title='bbox 430 582 830 665; x_wconf 85' lang='lat' dir='ltr'><strong>tenderent,</strong></span> <span class='ocrx_word' id='word_1_21' title='bbox 852 580 1157 653; x_wconf 87' lang='lat' dir='ltr'><strong>diversas</strong></span> <span class='ocrx_word' id='word_1_22' title='bbox 1184 594 1411 651; x_wconf 82' lang='lat' dir='ltr'><strong>tamen</strong></span> <span class='ocrx_word' id='word_1_23' title='bbox 1437 583 1578 663; x_wconf 83' lang='lat' dir='ltr'><strong>vjas</strong></span> <span class='ocrx_word' id='word_1_24' title='bbox 1606 608 1753 651; x_wconf 87' lang='lat' dir='ltr'><strong>mu·</strong></span> <span class='ocrx_word' id='word_1_25' title='bbox 1859 650 1867 658; x_wconf 84' lang='grc'><strong>,</strong></span> 
     </span>
    </p>
   </div>
   <div class='ocr_carea' id='block_1_5' title="bbox 177 672 1754 870">
    <p class='ocr_par' dir='ltr' id='par_1_5' title="bbox 177 672 1754 870">
     <span class='ocr_line' id='line_1_5' title="bbox 179 672 1754 767; baseline 0.003 -28"><span class='ocrx_word' id='word_1_26' title='bbox 179 672 482 758; x_wconf 88' lang='lat' dir='ltr'><strong>nierunt,</strong></span> <span class='ocrx_word' id='word_1_27' title='bbox 517 686 724 765; x_wconf 87' lang='lat' dir='ltr'><strong>atque</strong></span> <span class='ocrx_word' id='word_1_28' title='bbox 789 674 862 743; x_wconf 89' lang='lat' dir='ltr'><strong>in</strong></span> <span class='ocrx_word' id='word_1_29' title='bbox 897 699 1088 765; x_wconf 73' lang='lat' dir='ltr'><strong>suam</strong></span> <span class='ocrx_word' id='word_1_30' title='bbox 1144 673 1431 767; x_wconf 89' lang='lat' dir='ltr'><strong>quisque</strong></span> <span class='ocrx_word' id='word_1_31' title='bbox 1480 674 1754 744; x_wconf 77' lang='lat' dir='ltr'><strong>induxit</strong></span> 
     </span>
     <span class='ocr_line' id='line_1_6' title="bbox 177 765 1753 870; baseline 0.003 -40"><span class='ocrx_word' id='word_1_32' title='bbox 177 779 543 870; x_wconf 70' lang='lat' dir='ltr'><strong>sequentes,</strong></span> <span class='ocrx_word' id='word_1_33' title='bbox 574 765 682 832; x_wconf 89' lang='lat' dir='ltr'><strong>llli</strong></span> <span class='ocrx_word' id='word_1_34' title='bbox 719 778 946 839; x_wconf 86' lang='lat' dir='ltr'><strong>autem</strong></span> <span class='ocrx_word' id='word_1_35' title='bbox 996 765 1329 857; x_wconf 86' lang='lat' dir='ltr'><strong>probant,</strong></span> <span class='ocrx_word' id='word_1_36' title='bbox 1365 766 1753 859; x_wconf 82' lang='lat' dir='ltr'><strong>qualecun-</strong></span> 
     </span>
    </p>
   </div>
   <div class='ocr_carea' id='block_1_6' title="bbox 175 856 1825 947">
    <p class='ocr_par' dir='ltr' id='par_1_6' title="bbox 175 856 1825 947">
     <span class='ocr_line' id='line_1_7' title="bbox 175 856 1825 947; baseline 0.004 -26"><span class='ocrx_word' id='word_1_37' title='bbox 175 880 296 945; x_wconf 86' lang='lat' dir='ltr'><strong>que</strong></span> <span class='ocrx_word' id='word_1_38' title='bbox 323 856 612 947; x_wconf 83' lang='lat' dir='ltr'><strong>1ngressi</strong></span> <span class='ocrx_word' id='word_1_39' title='bbox 649 868 808 925; x_wconf 87' lang='lat' dir='ltr'><strong>sunt</strong></span> <span class='ocrx_word' id='word_1_40' title='bbox 847 856 980 925; x_wconf 75' lang='lat' dir='ltr'><strong>iter</strong></span> <span class='ocrx_word' id='word_1_41' title='bbox 1006 907 1023 940; x_wconf 94' lang='lat'><strong>,</strong></span> <span class='ocrx_word' id='word_1_42' title='bbox 1058 881 1185 927; x_wconf 89' lang='lat' dir='ltr'><strong>nec</strong></span> <span class='ocrx_word' id='word_1_43' title='bbox 1216 856 1415 926; x_wconf 82' lang='lat' dir='ltr'><strong>facile</strong></span> <span class='ocrx_word' id='word_1_44' title='bbox 1453 856 1752 927; x_wconf 85' lang='lat' dir='ltr'><strong>inculca·</strong></span> <span class='ocrx_word' id='word_1_45' title='bbox 1822 924 1825 927; x_wconf 81' lang='grc'>,</span> 
     </span>
    </p>
   </div>
   <div class='ocr_carea' id='block_1_7' title="bbox 174 947 1752 2291">
    <p class='ocr_par' dir='ltr' id='par_1_7' title="bbox 177 947 1752 1143">
     <span class='ocr_line' id='line_1_8' title="bbox 178 947 1752 1051; baseline 0.002 -37"><span class='ocrx_word' id='word_1_46' title='bbox 178 956 270 1015; x_wconf 85' lang='lat' dir='ltr'><strong>tas</strong></span> <span class='ocrx_word' id='word_1_47' title='bbox 325 947 562 1039; x_wconf 84' lang='lat' dir='ltr'><strong>pueris</strong></span> <span class='ocrx_word' id='word_1_48' title='bbox 613 948 1086 1051; x_wconf 83' lang='lat' dir='ltr'><strong>persuasiones</strong></span> <span class='ocrx_word' id='word_1_49' title='bbox 1130 948 1539 1034; x_wconf 85' lang='lat' dir='ltr'><strong>mutaveris3</strong></span> <span class='ocrx_word' id='word_1_50' title='bbox 1588 948 1752 1041; x_wconf 85' lang='lat' dir='ltr'><strong>quia</strong></span> 
     </span>
     <span class='ocr_line' id='line_1_9' title="bbox 177 1037 1747 1143; baseline 0.002 -38"><span class='ocrx_word' id='word_1_51' title='bbox 177 1062 366 1108; x_wconf 87' lang='lat' dir='ltr'><strong>nemo</strong></span> <span class='ocrx_word' id='word_1_52' title='bbox 390 1064 532 1106; x_wconf 89' lang='lat' dir='ltr'><strong>non</strong></span> <span class='ocrx_word' id='word_1_53' title='bbox 561 1037 880 1108; x_wconf 77' lang='lat' dir='ltr'><strong>didicisse</strong></span> <span class='ocrx_word' id='word_1_54' title='bbox 917 1038 1211 1121; x_wconf 85' lang='lat' dir='ltr'><strong>mavult,</strong></span> <span class='ocrx_word' id='word_1_55' title='bbox 1232 1064 1435 1143; x_wconf 79' lang='lat' dir='ltr'><strong>quam</strong></span> <span class='ocrx_word' id='word_1_56' title='bbox 1463 1038 1747 1109; x_wconf 81' lang='lat' dir='ltr'><strong>discere.</strong></span> 
     </span>
    </p>

    <p class='ocr_par' dir='ltr' id='par_1_8' title="bbox 175 1130 1751 1672">
     <span class='ocr_line' id='line_1_10' title="bbox 260 1130 1747 1222; baseline 0.001 -25"><span class='ocrx_word' id='word_1_57' title='bbox 260 1135 375 1198; x_wconf 86' lang='lat' dir='ltr'><strong>Est</strong></span> <span class='ocrx_word' id='word_1_58' title='bbox 402 1142 662 1214; x_wconf 86' lang='lat' dir='ltr'><strong>autem,</strong></span> <span class='ocrx_word' id='word_1_59' title='bbox 692 1142 770 1199; x_wconf 84' lang='lat' dir='ltr'><strong>ut</strong></span> <span class='ocrx_word' id='word_1_60' title='bbox 794 1130 1207 1222; x_wconf 78' lang='lat' dir='ltr'><strong>procedente</strong></span> <span class='ocrx_word' id='word_1_61' title='bbox 1234 1130 1413 1198; x_wconf 77' lang='lat' dir='ltr'><strong>libro</strong></span> <span class='ocrx_word' id='word_1_62' title='bbox 1440 1130 1701 1221; x_wconf 85' lang='lat' dir='ltr'><strong>patebit</strong></span> <span class='ocrx_word' id='word_1_63' title='bbox 1724 1182 1747 1213; x_wconf 84' lang='lat'>‚</span> 
     </span>
     <span class='ocr_line' id='line_1_11' title="bbox 179 1218 1751 1311; baseline 0.002 -23"><span class='ocrx_word' id='word_1_64' title='bbox 179 1218 443 1290; x_wconf 84' lang='lat' dir='ltr'><strong>infinita</strong></span> <span class='ocrx_word' id='word_1_65' title='bbox 504 1219 845 1290; x_wconf 87' lang='lat' dir='ltr'><strong>dissensio</strong></span> <span class='ocrx_word' id='word_1_66' title='bbox 909 1234 1267 1303; x_wconf 79' lang='lat' dir='ltr'><strong>auctorum</strong></span> <span class='ocrx_word' id='word_1_67' title='bbox 1309 1245 1330 1306; x_wconf 99' lang='lat'>3</span> <span class='ocrx_word' id='word_1_68' title='bbox 1388 1221 1609 1311; x_wconf 88' lang='lat' dir='ltr'><strong>primo</strong></span> <span class='ocrx_word' id='word_1_69' title='bbox 1658 1220 1751 1291; x_wconf 86' lang='lat' dir='ltr'><strong>ad</strong></span> 
     </span>
     <span class='ocr_line' id='line_1_12' title="bbox 179 1310 1751 1408; baseline 0.002 -28"><span class='ocrx_word' id='word_1_70' title='bbox 179 1335 252 1381; x_wconf 86' lang='lat' dir='ltr'><strong>ea</strong></span> <span class='ocrx_word' id='word_1_71' title='bbox 274 1364 292 1395; x_wconf 93' lang='lat'><strong>,</strong></span> <span class='ocrx_word' id='word_1_72' title='bbox 331 1339 476 1406; x_wconf 86' lang='lat' dir='ltr'><strong>quae</strong></span> <span class='ocrx_word' id='word_1_73' title='bbox 533 1311 736 1381; x_wconf 87' lang='lat' dir='ltr'><strong>rudia</strong></span> <span class='ocrx_word' id='word_1_74' title='bbox 799 1324 1002 1408; x_wconf 82' lang='lat' dir='ltr'><strong>atque</strong></span> <span class='ocrx_word' id='word_1_75' title='bbox 1056 1311 1463 1405; x_wconf 60' lang='lat' dir='ltr'><strong>”imperfecta</strong></span> <span class='ocrx_word' id='word_1_76' title='bbox 1524 1310 1751 1383; x_wconf 82' lang='lat' dir='ltr'><strong>adhuc</strong></span> 
     </span>
     <span class='ocr_line' id='line_1_13' title="bbox 180 1401 1749 1495; baseline 0.001 -24"><span class='ocrx_word' id='word_1_77' title='bbox 180 1417 361 1471; x_wconf 82' lang='lat' dir='ltr'><strong>erant</strong></span> <span class='ocrx_word' id='word_1_78' title='bbox 385 1456 404 1489; x_wconf 94' lang='lat'><strong>,</strong></span> <span class='ocrx_word' id='word_1_79' title='bbox 480 1401 972 1492; x_wconf 84' lang='lat' dir='ltr'><strong>adjicientibus</strong></span> <span class='ocrx_word' id='word_1_80' title='bbox 1025 1403 1237 1495; x_wconf 71' lang='lat' dir='ltr'><strong>,quod</strong></span> <span class='ocrx_word' id='word_1_81' title='bbox 1324 1402 1749 1475; x_wconf 85' lang='lat' dir='ltr'><strong>invenissent:</strong></span> 
     </span>
     <span class='ocr_line' id='line_1_14' title="bbox 177 1493 1748 1588; baseline 0.003 -26"><span class='ocrx_word' id='word_1_82' title='bbox 177 1493 614 1587; x_wconf 86' lang='lat' dir='ltr'><strong>scriptoribus</strong></span> <span class='ocrx_word' id='word_1_83' title='bbox 632 1520 654 1580; x_wconf 91' lang='lat'>3</span> <span class='ocrx_word' id='word_1_84' title='bbox 681 1521 837 1565; x_wconf 71' lang='lat' dir='ltr'><strong>mox</strong></span> <span class='ocrx_word' id='word_1_85' title='bbox 857 1552 876 1583; x_wconf 85' lang='lat'><strong>,</strong></span> <span class='ocrx_word' id='word_1_86' title='bbox 912 1507 985 1565; x_wconf 86' lang='lat' dir='ltr'><strong>ut</strong></span> <span class='ocrx_word' id='word_1_87' title='bbox 1013 1494 1271 1588; x_wconf 79' lang='lat' dir='ltr'><strong>aliquid</strong></span> <span class='ocrx_word' id='word_1_88' title='bbox 1304 1495 1409 1564; x_wconf 89' lang='lat' dir='ltr'><strong>sui</strong></span> <span class='ocrx_word' id='word_1_89' title='bbox 1435 1494 1748 1569; x_wconf 82' lang='lat' dir='ltr'><strong>videren-</strong></span> 
     </span>
     <span class='ocr_line' id='line_1_15' title="bbox 175 1586 1525 1672; baseline 0.002 -20"><span class='ocrx_word' id='word_1_90' title='bbox 175 1597 285 1654; x_wconf 87' lang='lat' dir='ltr'><strong>tur</strong></span> <span class='ocrx_word' id='word_1_91' title='bbox 315 1588 586 1672; x_wconf 86' lang='lat' dir='ltr'><strong>afferre,</strong></span> <span class='ocrx_word' id='word_1_92' title='bbox 621 1586 828 1666; x_wconf 73' lang='lat' dir='ltr'><strong>etiam</strong></span> <span class='ocrx_word' id='word_1_93' title='bbox 864 1598 1049 1656; x_wconf 87' lang='lat' dir='ltr'><strong>recta</strong></span> <span class='ocrx_word' id='word_1_94' title='bbox 1078 1587 1525 1657; x_wconf 82' lang='lat' dir='ltr'><strong>mutantibus.</strong></span> 
     </span>
    </p>

    <p class='ocr_par' dir='ltr' id='par_1_9' title="bbox 174 1677 1749 2291">
     <span class='ocr_line' id='line_1_16' title="bbox 232 1677 1749 1782; baseline 0.003 -37"><span class='ocrx_word' id='word_1_95' title='bbox 232 1682 308 1746; x_wconf 86' lang='lat'><strong>11.</strong></span> <span class='ocrx_word' id='word_1_96' title='bbox 332 1685 503 1748; x_wconf 86' lang='lat' dir='ltr'><strong>Nam</strong></span> <span class='ocrx_word' id='word_1_97' title='bbox 529 1677 788 1770; x_wconf 87' lang='lat' dir='ltr'><strong>primus</strong></span> <span class='ocrx_word' id='word_1_98' title='bbox 820 1691 972 1769; x_wconf 83' lang='lat' dir='ltr'><strong>post</strong></span> <span class='ocrx_word' id='word_1_99' title='bbox 991 1702 1109 1747; x_wconf 92' lang='lat' dir='ltr'><strong>eos</strong></span> <span class='ocrx_word' id='word_1_100' title='bbox 1126 1731 1145 1762; x_wconf 91' lang='lat'><strong>,</strong></span> <span class='ocrx_word' id='word_1_101' title='bbox 1172 1704 1341 1782; x_wconf 84' lang='lat' dir='ltr'><strong>quos</strong></span> <span class='ocrx_word' id='word_1_102' title='bbox 1365 1690 1577 1771; x_wconf 67' lang='lat' dir='ltr'><strong>poetae</strong></span> <span class='ocrx_word' id='word_1_103' title='bbox 1605 1692 1749 1749; x_wconf 79' lang='lat' dir='ltr'><strong>tra-</strong></span> 
     </span>
     <span class='ocr_line' id='line_1_17' title="bbox 175 1766 1743 1859; baseline 0.003 -24"><span class='ocrx_word' id='word_1_104' title='bbox 175 1766 488 1841; x_wconf 74' lang='lat' dir='ltr'><strong>diderunt&#39;</strong></span> <span class='ocrx_word' id='word_1_105' title='bbox 509 1822 528 1850; x_wconf 91' lang='lat'><strong>,</strong></span> <span class='ocrx_word' id='word_1_106' title='bbox 564 1770 851 1841; x_wconf 73' lang='lat' dir='ltr'><strong>movisse</strong></span> <span class='ocrx_word' id='word_1_107' title='bbox 884 1767 1339 1859; x_wconf 77' lang='lat' dir='ltr'><strong>aliquamrca</strong></span> <span class='ocrx_word' id='word_1_108' title='bbox 1381 1768 1743 1839; x_wconf 79' lang='lat' dir='ltr'><strong>rhetoricen</strong></span> 
     </span>
     <span class='ocr_line' id='line_1_18' title="bbox 174 1858 1743 1953; baseline -0.002 -26"><span class='ocrx_word' id='word_1_109' title='bbox 174 1860 607 1953; x_wconf 87' lang='lat' dir='ltr'><strong>Empedocles</strong></span> <span class='ocrx_word' id='word_1_110' title='bbox 663 1859 941 1929; x_wconf 89' lang='lat' dir='ltr'><strong>dicitur.</strong></span> <span class='ocrx_word' id='word_1_111' title='bbox 977 1858 1248 1927; x_wconf 85' lang='lat' dir='ltr'><strong>Artium</strong></span> <span class='ocrx_word' id='word_1_112' title='bbox 1277 1870 1501 1927; x_wconf 87' lang='lat' dir='ltr'><strong>autem</strong></span> <span class='ocrx_word' id='word_1_113' title='bbox 1530 1860 1743 1949; x_wconf 82' lang='lat' dir='ltr'><strong>scrip-</strong></span> 
     </span>
     <span class='ocr_line' id='line_1_19' title="bbox 175 1947 1742 2045; baseline -0.001 -27"><span class='ocrx_word' id='word_1_114' title='bbox 175 1962 340 2021; x_wconf 86' lang='lat' dir='ltr'><strong>tores</strong></span> <span class='ocrx_word' id='word_1_115' title='bbox 368 1950 852 2045; x_wconf 79' lang='lat' dir='ltr'><strong>antiquissimi,</strong></span> <span class='ocrx_word' id='word_1_116' title='bbox 886 1956 1104 2020; x_wconf 85' lang='lat' dir='ltr'><strong>Corax</strong></span> <span class='ocrx_word' id='word_1_117' title='bbox 1125 1947 1461 2033; x_wconf 88' lang='lat' dir='ltr'><strong>etTisias,</strong></span> <span class='ocrx_word' id='word_1_118' title='bbox 1492 1948 1742 2031; x_wconf 84' lang='lat' dir='ltr'><strong>Siculi,</strong></span> 
     </span>
     <span class='ocr_line' id='line_1_20' title="bbox 176 2040 1743 2133; baseline -0.001 -23"><span class='ocrx_word' id='word_1_119' title='bbox 176 2068 327 2133; x_wconf 85' lang='lat' dir='ltr'><strong>quos</strong></span> <span class='ocrx_word' id='word_1_120' title='bbox 351 2047 700 2114; x_wconf 63' lang='lat' dir='ltr'><strong>insecutus</strong></span> <span class='ocrx_word' id='word_1_121' title='bbox 725 2056 826 2112; x_wconf 91' lang='lat' dir='ltr'><strong>est</strong></span> <span class='ocrx_word' id='word_1_122' title='bbox 851 2044 953 2113; x_wconf 86' lang='lat' dir='ltr'><strong>vir</strong></span> <span class='ocrx_word' id='word_1_123' title='bbox 981 2040 1285 2129; x_wconf 87' lang='lat' dir='ltr'><strong>ejusdem</strong></span> <span class='ocrx_word' id='word_1_124' title='bbox 1304 2040 1543 2109; x_wconf 87' lang='lat' dir='ltr'><strong>insulae</strong></span> <span class='ocrx_word' id='word_1_125' title='bbox 1572 2043 1743 2109; x_wconf 83' lang='lat' dir='ltr'><strong>Gor-</strong></span> 
     </span>
     <span class='ocr_line' id='line_1_21' title="bbox 180 2132 1739 2291; baseline -0.001 -90"><span class='ocrx_word' id='word_1_126' title='bbox 180 2133 312 2291; x_wconf 48' lang='lat'><strong>{5³⁵</strong></span> <span class='ocrx_word' id='word_1_127' title='bbox 337 2132 1222 2225; x_wconf 63' lang='lat' dir='ltr'><strong>Leontinus„Empedocli‘s</strong></span> <span class='ocrx_word' id='word_1_128' title='bbox 1247 2138 1275 2217; x_wconf 90' lang='lat'>(</span> <span class='ocrx_word' id='word_1_129' title='bbox 1296 2147 1369 2201; x_wconf 85' lang='lat' dir='ltr'><strong>ut</strong></span> <span class='ocrx_word' id='word_1_130' title='bbox 1390 2133 1679 2201; x_wconf 80' lang='lat' dir='ltr'><strong>traditur</strong></span> <span class='ocrx_word' id='word_1_131' title='bbox 1706 2139 1739 2215; x_wconf 82' lang='lat'>)</span> 
     </span>
    </p>
   </div>
   <div class='ocr_carea' id='block_1_8' title="bbox 226 2224 1789 2320">
    <p class='ocr_par' dir='ltr' id='par_1_10' title="bbox 226 2224 1789 2320">
     <span class='ocr_line' id='line_1_22' title="bbox 226 2224 1789 2320; baseline 0 -27"><span class='ocrx_word' id='word_1_132' title='bbox 226 2225 562 2320; x_wconf 89' lang='lat' dir='ltr'><strong>iscipulus.</strong></span> <span class='ocrx_word' id='word_1_133' title='bbox 595 2233 656 2297; x_wconf 90' lang='lat' dir='ltr'><strong>Is</strong></span> <span class='ocrx_word' id='word_1_134' title='bbox 701 2225 1039 2300; x_wconf 89' lang='lat' dir='ltr'><strong>beneficio</strong></span> <span class='ocrx_word' id='word_1_135' title='bbox 1073 2224 1481 2317; x_wconf 83' lang='lat' dir='ltr'><strong>longissimae</strong></span> <span class='ocrx_word' id='word_1_136' title='bbox 1524 2224 1743 2293; x_wconf 84' lang='lat' dir='ltr'><strong>aetatis</strong></span> <span class='ocrx_word' id='word_1_137' title='bbox 1780 2264 1789 2269; x_wconf 89' lang='lat'><strong>·</strong></span> 
     </span>
    </p>
   </div>
   <div class='ocr_carea' id='block_1_9' title="bbox 155 2318 1744 3510">
    <p class='ocr_par' dir='ltr' id='par_1_11' title="bbox 155 2318 1744 3510">
     <span class='ocr_line' id='line_1_23' title="bbox 180 2318 1739 2403; baseline 0 -18"><span class='ocrx_word' id='word_1_138' title='bbox 180 2322 372 2399; x_wconf 87' lang='lat' dir='ltr'><strong>(nam</strong></span> <span class='ocrx_word' id='word_1_139' title='bbox 405 2332 680 2393; x_wconf 85' lang='lat' dir='ltr'><strong>centum</strong></span> <span class='ocrx_word' id='word_1_140' title='bbox 704 2331 1035 2393; x_wconf 58' lang='lat' dir='ltr'><strong>etnovem</strong></span> <span class='ocrx_word' id='word_1_141' title='bbox 1067 2318 1229 2387; x_wconf 81' lang='lat' dir='ltr'><strong>vixit</strong></span> <span class='ocrx_word' id='word_1_142' title='bbox 1255 2342 1471 2386; x_wconf 88' lang='lat' dir='ltr'><strong>annos</strong></span> <span class='ocrx_word' id='word_1_143' title='bbox 1516 2326 1545 2403; x_wconf 87' lang='lat'>)</span> <span class='ocrx_word' id='word_1_144' title='bbox 1584 2341 1739 2385; x_wconf 88' lang='lat' dir='ltr'><strong>cum</strong></span> 
     </span>
     <span class='ocr_line' id='line_1_24' title="bbox 175 2408 1738 2505; baseline 0 -28"><span class='ocrx_word' id='word_1_145' title='bbox 175 2408 392 2480; x_wconf 88' lang='lat' dir='ltr'><strong>multis</strong></span> <span class='ocrx_word' id='word_1_146' title='bbox 427 2410 632 2481; x_wconf 86' lang='lat' dir='ltr'><strong>simul</strong></span> <span class='ocrx_word' id='word_1_147' title='bbox 669 2410 944 2489; x_wconf 79' lang='lat' dir='ltr'><strong>floruit3</strong></span> <span class='ocrx_word' id='word_1_148' title='bbox 982 2408 1272 2505; x_wconf 85' lang='lat' dir='ltr'><strong>ideoque</strong></span> <span class='ocrx_word' id='word_1_149' title='bbox 1314 2422 1381 2479; x_wconf 87' lang='lat' dir='ltr'><strong>et</strong></span> <span class='ocrx_word' id='word_1_150' title='bbox 1414 2408 1738 2494; x_wconf 80' lang='lat' dir='ltr'><strong>illorum,</strong></span> 
     </span>
     <span class='ocr_line' id='line_1_25' title="bbox 177 2497 1741 2593; baseline 0.003 -26"><span class='ocrx_word' id='word_1_151' title='bbox 177 2497 248 2567; x_wconf 89' lang='lat' dir='ltr'><strong>de</strong></span> <span class='ocrx_word' id='word_1_152' title='bbox 269 2502 512 2593; x_wconf 89' lang='lat' dir='ltr'><strong>quibus</strong></span> <span class='ocrx_word' id='word_1_153' title='bbox 539 2528 744 2593; x_wconf 87' lang='lat' dir='ltr'><strong>supra</strong></span> <span class='ocrx_word' id='word_1_154' title='bbox 770 2502 950 2587; x_wconf 87' lang='lat' dir='ltr'><strong>dixi,</strong></span> <span class='ocrx_word' id='word_1_155' title='bbox 978 2499 1113 2570; x_wconf 86' lang='lat' dir='ltr'><strong>fuit</strong></span> <span class='ocrx_word' id='word_1_156' title='bbox 1136 2500 1430 2586; x_wconf 84' lang='lat' dir='ltr'><strong>emulus,</strong></span> <span class='ocrx_word' id='word_1_157' title='bbox 1457 2512 1525 2570; x_wconf 86' lang='lat' dir='ltr'><strong>et</strong></span> <span class='ocrx_word' id='word_1_158' title='bbox 1558 2500 1741 2571; x_wconf 81' lang='lat' dir='ltr'><strong>ultra</strong></span> 
     </span>
     <span class='ocr_line' id='line_1_26' title="bbox 172 2590 1739 2687; baseline 0 -28"><span class='ocrx_word' id='word_1_159' title='bbox 172 2596 502 2663; x_wconf 84' lang='lat' dir='ltr'><strong>Socratem</strong></span> <span class='ocrx_word' id='word_1_160' title='bbox 574 2619 786 2687; x_wconf 87' lang='lat' dir='ltr'><strong>usque</strong></span> <span class='ocrx_word' id='word_1_161' title='bbox 835 2592 1128 2663; x_wconf 88' lang='lat' dir='ltr'><strong>duravit.</strong></span> <span class='ocrx_word' id='word_1_162' title='bbox 1185 2590 1739 2685; x_wconf 85' lang='lat' dir='ltr'><strong>Thrasymachus</strong></span> 
     </span>
     <span class='ocr_line' id='line_1_27' title="bbox 173 2681 1739 2777; baseline 0.001 -27"><span class='ocrx_word' id='word_1_163' title='bbox 173 2681 659 2754; x_wconf 82' lang='lat' dir='ltr'><strong>Chalcedonius</strong></span> <span class='ocrx_word' id='word_1_164' title='bbox 689 2710 841 2755; x_wconf 90' lang='lat' dir='ltr'><strong>cum</strong></span> <span class='ocrx_word' id='word_1_165' title='bbox 867 2685 1030 2769; x_wconf 83' lang='lat' dir='ltr'><strong>hoe,</strong></span> <span class='ocrx_word' id='word_1_166' title='bbox 1053 2698 1118 2777; x_wconf 72' lang='lat' dir='ltr'><strong>et</strong></span> <span class='ocrx_word' id='word_1_167' title='bbox 1138 2683 1469 2755; x_wconf 90' lang='lat' dir='ltr'><strong>Prodicus</strong></span> <span class='ocrx_word' id='word_1_168' title='bbox 1488 2684 1699 2754; x_wconf 89' lang='lat' dir='ltr'><strong>Chius</strong></span> <span class='ocrx_word' id='word_1_169' title='bbox 1716 2734 1739 2767; x_wconf 83' lang='lat'><strong>‚</strong></span> 
     </span>
     <span class='ocr_line' id='line_1_28' title="bbox 172 2773 1741 2869; baseline -0.001 -27"><span class='ocrx_word' id='word_1_170' title='bbox 172 2786 230 2842; x_wconf 89' lang='lat' dir='ltr'><strong>et</strong></span> <span class='ocrx_word' id='word_1_171' title='bbox 251 2776 612 2846; x_wconf 84' lang='lat' dir='ltr'><strong>Abderites</strong></span> <span class='ocrx_word' id='word_1_172' title='bbox 645 2784 1076 2869; x_wconf 85' lang='lat' dir='ltr'><strong>Protagoras,</strong></span> <span class='ocrx_word' id='word_1_173' title='bbox 1096 2798 1134 2847; x_wconf 84' lang='lat' dir='ltr'><strong>a</strong></span> <span class='ocrx_word' id='word_1_174' title='bbox 1153 2800 1289 2869; x_wconf 84' lang='lat' dir='ltr'><strong>quo</strong></span> <span class='ocrx_word' id='word_1_175' title='bbox 1316 2774 1547 2846; x_wconf 88' lang='lat' dir='ltr'><strong>decem</strong></span> <span class='ocrx_word' id='word_1_176' title='bbox 1584 2773 1741 2845; x_wconf 89' lang='lat' dir='ltr'><strong>mil-</strong></span> 
     </span>
     <span class='ocr_line' id='line_1_29' title="bbox 165 2860 1744 2950; baseline 0.001 -19"><span class='ocrx_word' id='word_1_177' title='bbox 165 2860 331 2937; x_wconf 88' lang='lat' dir='ltr'><strong>libus</strong></span> <span class='ocrx_word' id='word_1_178' title='bbox 382 2866 826 2937; x_wconf 84' lang='lat' dir='ltr'><strong>denariorum</strong></span> <span class='ocrx_word' id='word_1_179' title='bbox 875 2867 1195 2939; x_wconf 90' lang='lat' dir='ltr'><strong>didicisse</strong></span> <span class='ocrx_word' id='word_1_180' title='bbox 1239 2881 1451 2938; x_wconf 85' lang='lat' dir='ltr'><strong>artem</strong></span> <span class='ocrx_word' id='word_1_181' title='bbox 1478 2920 1497 2950; x_wconf 86' lang='lat'><strong>,</strong></span> <span class='ocrx_word' id='word_1_182' title='bbox 1582 2886 1744 2934; x_wconf 84' lang='lat' dir='ltr'><strong>uam·</strong></span> 
     </span>
     <span class='ocr_line' id='line_1_30' title="bbox 163 2894 1732 3053; baseline -0.001 -28"><span class='ocrx_word' id='word_1_183' title='bbox 163 2956 400 3039; x_wconf 81' lang='lat' dir='ltr'><strong>edidit,</strong></span> <span class='ocrx_word' id='word_1_184' title='bbox 424 2960 756 3030; x_wconf 85' lang='lat' dir='ltr'><strong>Evathlus</strong></span> <span class='ocrx_word' id='word_1_185' title='bbox 773 2960 1030 3030; x_wconf 86' lang='lat' dir='ltr'><strong>dicitur</strong></span> <span class='ocrx_word' id='word_1_186' title='bbox 1051 2986 1070 3045; x_wconf 91' lang='lat'>3</span> <span class='ocrx_word' id='word_1_187' title='bbox 1091 2973 1159 3031; x_wconf 89' lang='lat' dir='ltr'><strong>et</strong></span> <span class='ocrx_word' id='word_1_188' title='bbox 1180 2961 1471 3053; x_wconf 87' lang='lat' dir='ltr'><strong>Hippias</strong></span> <span class='ocrx_word' id='word_1_189' title='bbox 1495 2894 1732 3039; x_wconf 48' lang='lat' dir='ltr'><strong>Eleus,</strong></span> 
     </span>
     <span class='ocr_line' id='line_1_31' title="bbox 161 3044 1735 3145; baseline -0.001 -29"><span class='ocrx_word' id='word_1_190' title='bbox 161 3059 250 3134; x_wconf 83' lang='lat' dir='ltr'><strong>et,</strong></span> <span class='ocrx_word' id='word_1_191' title='bbox 305 3076 506 3142; x_wconf 89' lang='lat' dir='ltr'><strong>quem</strong></span> <span class='ocrx_word' id='word_1_192' title='bbox 533 3051 893 3124; x_wconf 71' lang='lat' dir='ltr'><strong>Palamede</strong></span> <span class='ocrx_word' id='word_1_193' title='bbox 951 3052 1160 3123; x_wconf 89' lang='lat' dir='ltr'><strong>Plato·</strong></span> <span class='ocrx_word' id='word_1_194' title='bbox 1200 3051 1525 3145; x_wconf 86' lang='lat' dir='ltr'><strong>appellat,</strong></span> <span class='ocrx_word' id='word_1_195' title='bbox 1553 3044 1735 3117; x_wconf 73' lang='lat' dir='ltr'><strong>Alci-</strong></span> 
     </span>
     <span class='ocr_line' id='line_1_32' title="bbox 160 3138 1732 3247; baseline 0.001 -39"><span class='ocrx_word' id='word_1_196' title='bbox 160 3138 378 3211; x_wconf 85' lang='lat' dir='ltr'><strong>damas</strong></span> <span class='ocrx_word' id='word_1_197' title='bbox 430 3143 720 3213; x_wconf 84' lang='lat' dir='ltr'><strong>Eleates.</strong></span> <span class='ocrx_word' id='word_1_198' title='bbox 752 3140 1115 3237; x_wconf 85' lang='lat' dir='ltr'><strong>Antiphon</strong></span> <span class='ocrx_word' id='word_1_199' title='bbox 1149 3167 1421 3247; x_wconf 80' lang='lat' dir='ltr'><strong>quoque</strong></span> <span class='ocrx_word' id='word_1_200' title='bbox 1453 3153 1519 3207; x_wconf 83' lang='lat' dir='ltr'><strong>et.</strong></span> <span class='ocrx_word' id='word_1_201' title='bbox 1562 3166 1732 3210; x_wconf 85' lang='lat' dir='ltr'><strong>ora-</strong></span> 
     </span>
     <span class='ocr_line' id='line_1_33' title="bbox 157 3229 1739 3327; baseline 0.003 -29"><span class='ocrx_word' id='word_1_202' title='bbox 157 3229 408 3302; x_wconf 84' lang='lat' dir='ltr'><strong>tionem</strong></span> <span class='ocrx_word' id='word_1_203' title='bbox 443 3235 704 3327; x_wconf 88' lang='lat' dir='ltr'><strong>primus</strong></span> <span class='ocrx_word' id='word_1_204' title='bbox 738 3238 1044 3307; x_wconf 84' lang='lat' dir='ltr'><strong>omnium</strong></span> <span class='ocrx_word' id='word_1_205' title='bbox 1073 3235 1399 3325; x_wconf 77' lang='lat' dir='ltr'><strong>scripsit,</strong></span> <span class='ocrx_word' id='word_1_206' title='bbox 1458 3245 1527 3301; x_wconf 92' lang='lat' dir='ltr'><strong>et</strong></span> <span class='ocrx_word' id='word_1_207' title='bbox 1559 3232 1739 3303; x_wconf 87' lang='lat' dir='ltr'><strong>nihi·</strong></span> 
     </span>
     <span class='ocr_line' id='line_1_34' title="bbox 157 3318 1743 3485; baseline 0.002 -90"><span class='ocrx_word' id='word_1_208' title='bbox 157 3318 446 3395; x_wconf 85' lang='lat' dir='ltr'><strong>lominus</strong></span> <span class='ocrx_word' id='word_1_209' title='bbox 471 3340 683 3401; x_wconf 86' lang='lat' dir='ltr'><strong>artem</strong></span> <span class='ocrx_word' id='word_1_210' title='bbox 709 3358 748 3413; x_wconf 93' lang='lat'><strong>‚·</strong></span> <span class='ocrx_word' id='word_1_211' title='bbox 780 3329 922 3426; x_wconf 87' lang='lat' dir='ltr'><strong>ipse</strong></span> <span class='ocrx_word' id='word_1_212' title='bbox 959 3324 1341 3417; x_wconf 89' lang='lat' dir='ltr'><strong>composui-t</strong></span> <span class='ocrx_word' id='word_1_213' title='bbox 1362 3377 1381 3410; x_wconf 95' lang='lat'><strong>,</strong></span> <span class='ocrx_word' id='word_1_214' title='bbox 1416 3336 1481 3393; x_wconf 82' lang='lat' dir='ltr'><strong>et</strong></span> <span class='ocrx_word' id='word_1_215' title='bbox 1514 3352 1637 3485; x_wconf 61' lang='lat' dir='ltr'><strong>pro</strong></span> <span class='ocrx_word' id='word_1_216' title='bbox 1664 3352 1743 3399; x_wconf 84' lang='lat' dir='ltr'><strong>se</strong></span> 
     </span>
     <span class='ocr_line' id='line_1_35' title="bbox 155 3411 1738 3510; baseline 0.002 -27"><span class='ocrx_word' id='word_1_217' title='bbox 155 3411 392 3487; x_wconf 86' lang='lat' dir='ltr'><strong>dixisse</strong></span> <span class='ocrx_word' id='word_1_218' title='bbox 422 3418 677 3510; x_wconf 82' lang='lat' dir='ltr'><strong>optime</strong></span> <span class='ocrx_word' id='word_1_219' title='bbox 695 3432 798 3491; x_wconf 87' lang='lat' dir='ltr'><strong>est</strong></span> <span class='ocrx_word' id='word_1_220' title='bbox 813 3418 1113 3489; x_wconf 84' lang='lat' dir='ltr'><strong>creditus</strong></span> <span class='ocrx_word' id='word_1_221' title='bbox 1130 3442 1153 3502; x_wconf 91' lang='lat'>3</span> <span class='ocrx_word' id='word_1_222' title='bbox 1184 3416 1391 3491; x_wconf 86' lang='lat' dir='ltr'><strong>etiam</strong></span> <span class='ocrx_word' id='word_1_223' title='bbox 1414 3422 1513 3491; x_wconf 83' lang='lat' dir='ltr'><strong>Po</strong></span> <span class='ocrx_word' id='word_1_224' title='bbox 1543 3442 1738 3510; x_wconf 62' lang='lat' dir='ltr'><strong>&gt;scra-2</strong></span> 
     </span>
    </p>
   </div>
  </div>
 </body>
</html>
