2175 3809
343 372 352 379 .
517 308 631 375 Dr.
677 304 1121 375 Pnonmxoun
1158 327 1599 375 ARTIFICIALI.
1698 312 1835 375 26r

249 407 703 487 argumenta,
750 394 935 463 velut
966 392 1249 462 horrida
1282 408 1349 463 et
1393 396 1829 487 confragosa,

254 486 588 569 vitantes,
624 482 1105 553 amoenioribus
1132 483 1297 553 iocis
1329 484 1687 569 desident3
1720 512 1834 555 ne-
1872 540 1883 553 .

255 601 394 667 que
417 574 613 643 aliter
640 599 840 666 quam
867 574 948 657 ii,
983 574 1098 665 qui
1136 574 1503 643 traduntur
1540 602 1577 644 a
1612 576 1831 667 poetis

253 678 465 755 gustu
497 664 848 753 cujusdam
881 663 1064 755 apud
1098 665 1534 768 Lotophagos
1566 666 1835 757 grami-

253 756 371 823 nis
405 768 473 823 et
497 755 813 823 Sirenum
847 767 1051 822 cantu
1077 752 1387 837 deliniti,
1420 755 1836 847 voluptatem

257 844 469 914 saluti
504 844 914 936 praetulisse3
949 843 1113 912 dum
1148 843 1367 913 laudis
1403 845 1635 915 salsam
1669 846 1835 914 ima-

257 934 493 1027 ginem
528 946 939 1026 sequuntur,
967 934 1107 1025 ipsa
1138 947 1415 1026 propter
1436 960 1637 1027 quam
1663 935 1836 1005 dici-

257 1038 418 1107 tur,
455 1025 740 1093 victoria
769 1024 1042 1093 cadunt.

355 1115 565 1207 Atqui
603 1125 837 1183 caetera
862 1168 878 1196 ,
907 1140 1052 1206 quae
1085 1115 1417 1183 continuo
1444 1114 1655 1205 magis
1689 1120 1836 1183 ora-

257 1203 475 1274 tionis
502 1218 720 1273 tractu
739 1204 1151 1286 decurrunt,
1177 1206 1251 1273 in
1278 1204 1605 1273 auxilium
1631 1217 1834 1296 atque

262 1308 743 1365 ornamentum
807 1319 881 1363 ar
931 1306 1363 1363 umentorum
1422 1319 1835 1385 comparan-

260 1397 416 1466 tur,
471 1386 829 1477 nervisque
867 1320 1035 1468 iilis,
1070 1384 1317 1476 quibus
1361 1409 1565 1455 causa
1597 1386 1838 1473 conti-
1892 1444 1899 1453 .

261 1487 470 1545 netur
513 1529 531 1559 ‚
589 1475 922 1563 adjiciunt
983 1476 1455 1566 superinducti
1530 1476 1835 1567 corporis

263 1566 592 1657 speciem3
629 1577 748 1649 ut,
781 1566 833 1634 si
868 1566 1042 1634 sorte
1077 1566 1246 1657 quid
1280 1568 1529 1635 factum
1557 1567 1693 1651 ira,
1726 1565 1835 1635 vel
1892 1628 1897 1633 .

262 1668 448 1725 metu
473 1708 491 1738 ‚
533 1655 638 1725 vel
674 1656 1048 1747 eupiditate
1087 1656 1385 1740 dicatur,
1434 1658 1637 1725 latius
1688 1683 1834 1748 quae

215 1780 225 1787 ·
261 1750 590 1838 cujusque
651 1747 934 1815 affectus
971 1758 1215 1813 natura
1272 1747 1393 1829 sit,
1455 1772 1837 1837 persequa-

264 1862 441 1905 mur.
473 1835 718 1906 lisdem
753 1836 1151 1926 laudamus,
1180 1836 1565 1904 incusamus
1589 1888 1608 1918 .,
1640 1860 1840 1926 auge-

263 1952 456 2011 muS,
517 1928 922 2009 minuimus,
987 1924 1465 2007 describimus,
1523 1923 1839 1993 deterre-

265 2042 452 2100 mim,
503 2018 893 2108 querimur,
941 2015 1411 2098 consolamur,
1466 2012 1837 2083 hortamur.
1896 2058 1901 2065 -

267 2108 400 2175 Sed
439 2109 680 2176 horum
715 2134 856 2177 esse
889 2132 1093 2198 opera
1132 2106 1201 2173 in
1230 2106 1431 2173 rebus
1466 2118 1581 2173 aut
1612 2106 1842 2191 certis,

268 2209 387 2265 aut
439 2198 522 2265 de
563 2197 810 2287 quibus
844 2210 1169 2288 tanquam
1204 2196 1403 2265 certis
1460 2196 1837 2287 loquimur,
1900 2242 1907 2252 ι

266 2301 512 2380 potest.
569 2294 713 2356 Nec
779 2288 1137 2355 abnuerim
1216 2312 1358 2355 esse
1394 2286 1693 2377 -aliquid
1765 2288 1837 2355 in

269 2378 723 2462 delectatione
762 2429 779 2459 ‚
834 2377 1122 2445 multum
1182 2404 1344 2446 vero
1396 2377 1467 2446 in
1528 2402 1841 2447 commo-

268 2468 510 2548 vendis
553 2467 946 2541 affectibus:
993 2469 1110 2537 sed
1157 2466 1300 2537 haec
1350 2470 1493 2560 ipsa
1536 2468 1687 2559 plus
1728 2469 1859 2538 va?
1898 2553 1905 2561 ,

269 2558 454 2641 lent,
487 2584 640 2628 cum
682 2584 750 2627 se
785 2558 1103 2629 didicisse
1140 2558 1341 2646 judex
1372 2570 1607 2647 putat:
1655 2558 1841 2649 quod
1904 2618 1911 2634 ,

269 2650 593 2741 consequi
664 2649 796 2717 nisi
859 2648 1448 2739 argumentatione
1474 2699 1491 2732 ‚
1570 2648 1839 2741 aliaque

270 2740 457 2809 omni
493 2738 626 2813 fide
653 2764 880 2809 rerum
902 2764 1042 2809 non
1079 2763 1455 2831 possumus·

365 2836 678 2918 Quorum
711 2829 1105 2921 priusquam
1133 2830 1390 2921 partiar
1414 2825 1670 2921 species
1694 2879 1712 2910 ‚
1742 2826 1843 2896 in-

273 2919 647 2990 dicandum
670 2944 859 3005 reor,
890 2946 1031 2990 esse
1053 2920 1355 3013 quaedam
1381 2920 1452 2989 in
1478 2918 1662 2987 omni
1684 2942 1843 3009 pro-

271 3011 634 3081 bationum
669 3036 914 3103 genere
943 3012 1351 3081 communia.
1385 3018 1555 3079 Nam
1590 3034 1715 3077 nec
1748 3008 1846 3077 ul-

277 3100 345 3171 la
371 3102 654 3194 quaestio
681 3114 801 3187 est,
823 3128 968 3192 quae
993 3128 1131 3171 non
1163 3102 1248 3169 sit
1268 3114 1384 3169 aut
1410 3101 1481 3167 in
1510 3124 1611 3181 re,
1634 3098 1843 3169 autin

275 3216 606 3284 persona3
643 3218 766 3261 neo
791 3218 932 3261 esse
953 3204 1507 3283 argumentorum
1536 3188 1663 3258 loci
1693 3196 1846 3280 po's-
1925 3251 1930 3255 .

283 3296 438 3351 sunt
466 3336 484 3367 ‚
513 3283 645 3351 nisi
681 3282 754 3351 in
786 3282 868 3351 iis
893 3336 912 3367 ,
948 3309 1093 3374 quae
1132 3281 1335 3350 rebus
1372 3294 1489 3350 aut
1534 3280 1859 3385 personis.

279 3373 602 3447 accidunt
619 3396 642 3461 3
673 3372 884 3466 eaque
911 3384 1028 3443 aut
1052 3398 1174 3465 per
1204 3397 1273 3443 se
1306 3372 1552 3467 inspici
1584 3372 1845 3460 solent,
