2175 3809
668 285 798 353 DE
859 285 1290 357 Exonmo.
1342 312 1353 323 ·
1607 299 1609 303 ’
1669 290 1796 376 187

220 370 361 444 tius
393 368 582 442 enim
613 370 935 445 fiduciam
963 376 1175 467 partis
1207 400 1339 445 suae
1369 376 1576 464 jactat
1612 403 1628 445 ε
1663 392 1797 469 pa-'

220 476 462 535 tronus
517 464 712 535 timet
763 465 842 535 c'o
895 468 1238 549 noscentis
1290 468 1792 539 verecundiam.

305 562 643 627 Praeterea
678 494 1135 644 detrei'benda,
1178 558 1283 627 vel
1329 556 1797 630 confirmanda

219 646 457 743 opinio
479 701 498 731 ‚
522 649 578 717 si
614 674 814 739 quam
846 650 1179 741 praecipue
1215 650 1417 719 domo
1450 648 1799 721 videbitur
1834 692 1845 697 -

212 740 416 829 judex
443 740 776 809 attulisse.
799 746 1029 810 Metus
1060 742 1265 810 etiam
1299 764 1793 834 nonnunquam

214 845 310 905 est
339 830 802 917 amovendus3
838 842 910 900 ut
942 832 1180 901 Cicero
1214 858 1338 925 pro
1370 832 1670 917 Milone,
1704 860 1791 905 ne

211 946 398 999 arma
438 923 751 1016 Pompeii
801 936 1037 993 contra
1087 950 1157 993 se
1200 925 1527 1017 disposita
1578 940 1793 1016 puta-

207 1027 386 1099 rent,
415 1012 1303 1107 laboravit.Nonnunquam
1332 1016 1784 1104 adhibendus,

207 1116 280 1174 ut
332 1104 514 1177 idem
569 1113 705 1191 (1)
753 1106 826 1177 in
860 1113 1146 1175 Verrem
1196 1108 1394 1188 facit,
1442 1108 1560 1175 sed
1590 1107 1789 1177 adhi-

199 1193 414 1273 bendi
455 1196 694 1265 modus
727 1197 902 1267 alter
932 1197 1048 1267 ille
1084 1196 1409 1290 frequens
1453 1211 1551 1266 est
1586 1212 1651 1267 et
1687 1201 1787 1267 sa·-

199 1287 530 1365 vorabilis
552 1342 571 1372 ‚
603 1314 688 1356 ne
723 1287 898 1357 male
923 1288 1184 1358 sentiat
1218 1288 1512 1380 populus
1548 1314 1785 1359 roma-

199 1404 332 1447 nus
357 1432 376 1461 ,
413 1406 500 1453 ne
538 1378 796 1467 judicia
829 1379 1334 1449 transferantur
1367 1405 1389 1464 3
1434 1378 1609 1449 alter
1641 1408 1781 1450 au-

197 1481 337 1541 tem
373 1494 569 1565 asper
594 1484 660 1539 et
685 1482 916 1555 rarusvn
989 1496 1078 1540 uo
1104 1472 1408 1541 minatur
1439 1474 1779 1565 corruptis

195 1562 748 1633 accusationem:
795 1574 862 1631 et
911 1496 984 1631 iil
1025 1562 1303 1656 quidem
1351 1562 1423 1633 in
1480 1566 1777 1635 concilio

193 1652 531 1745 ampliore
579 1664 928 1747 utcunque
975 1656 1237 1723 tutius:
1286 1676 1445 1723 nam
1494 1669 1561 1724 et
1612 1658 1775 1728 mali

190 1742 642 1828 inhibentur,
677 1756 746 1815 et
785 1742 952 1814 boni
1002 1744 1325 1838 gaudent.
1373 1745 1577 1837 Apud
1617 1747 1776 1815 sin-

185 1834 390 1925 gulos
422 1862 584 1905 vero
617 1860 969 1927 nunquam
1003 1835 1373 1917 suaserim,
1419 1835 1553 1903 nisi
1586 1835 1775 1906 defe-

187 1926 416 1995 cerint
458 1927 709 2000 omnia.
755 1924 962 2013 Quod
1005 1926 1059 1995 si
1111 1924 1477 1995 necessitas
1514 1926 1768 2019 exigit,

187 2041 337 2086 non
372 2017 504 2087 erit
537 2022 672 2106 jam
704 2043 782 2086 ex
816 2028 959 2085 arte
995 2016 1342 2101 oratoria3
1374 2040 1513 2085 non
1558 2020 1772 2107 magis

185 2125 393 2201 quam
427 2108 768 2204 appellare
805 2108 1123 2197 (etiamsi
1175 2107 1246 2177 id
1290 2132 1559 2211 quoque
1594 2104 1768 2202 saepe·

181 2200 360 2270 utile
395 2208 554 2287 est)
589 2224 611 2286 ;
668 2212 783 2271 aut
810 2254 829 2285 ‚
887 2212 1253 2294 antequam
1300 2200 1712 2293 pronunciet
1745 2256 1764 2287 ,

181 2316 380 2361 reum
415 2292 659 2363 facere.
705 2298 878 2363 Nam
928 2304 995 2362 et
1045 2291 1293 2362 minari
1336 2304 1403 2361 et
1446 2290 1715 2365 deferre
1743 2348 1762 2381 ‚

179 2383 393 2453 etiam
426 2410 568 2455 non
602 2396 834 2455 orator
864 2396 1110 2489 potest.

269 2475 344 2546 Si
395 2501 602 2549 causa
648 2474 1066 2547 conciliandi
1113 2474 1314 2545 nobis
1344 2473 1593 2564 judicis
1624 2500 1764 2547 ma-

177 2566 428 2637 teriam
457 2565 688 2651 dabit,
718 2594 798 2637 ex
827 2566 956 2637 hac
980 2566 1411 2660 potissimum
1434 2566 1663 2659 aliqua
1690 2568 1763 2637 in

176 2682 380 2726 usum
419 2662 765 2748 principii,
827 2685 972 2752 quae
1027 2656 1314 2730 maxime
1360 2656 1763 2729 favorabilia

169 2748 600 2821 videbuntur
631 2803 650 2834 ‚
703 2748 974 2842 decerpi
1029 2748 1446 2842 oportebit...

271 2846 444 2928 Quae
479 2841 617 2911 sint
667 2867 873 2933 porro
923 2840 994 2910 in
1038 2846 1259 2911 causis
1307 2838 1705 2945 favorabilia
1739 2892 1759 2927 ,

173 2958 582 3002 enumerare
627 2958 767 3002 non
813 2945 913 3003 est
947 2958 1219 3004 necesse
1249 2956 1641 3025 ;*quonlam
1690 2945 1757 3001 et

169 3024 542 3094 manifesta
583 3037 788 3095 erunt
825 3078 842 3107 ‚
890 3026 1165 3119 cognita
1216 3027 1541 3115 cujusque
1596 3048 1761 3091 con-

163 3116 520 3186 troversiae
559 3115 999 3204 conditione,
1033 3130 1102 3187 et
1134 3116 1367 3186 omnia
1408 3112 1641 3207 colligi
1680 3112 1755 3184 in

162 3253 340 3319 judice
363 3268 456 3307 stat
471 3295 488 3323 ,
509 3256 685 3309 timere
703 3276 754 3307 se
781 3258 1033 3327 significat
1062 3276 1127 3308 ne
1154 3257 1197 3307 is
1214 3256 1345 3307 malo
1375 3254 1565 3323 pudore
1584 3268 1755 3309 contra

161 3340 217 3371 ue
235 3322 407 3389 ipsum
431 3324 720 3391 pronuntiet
735 3363 752 3387 ‚
771 3326 886 3377 licet
905 3325 1026 3389 justa
1047 3325 1113 3375 sit
1138 3322 1241 3388 ejus
1259 3340 1419 3375 causa.

233 3404 260 3473 (
283 3411 340 3465 ι)
368 3406 516 3464 Verr.
533 3422 584 3460 α.
609 3416 707 3459 tota
725 3407 950 3459 oratione
965 3445 985 3477 ‚
1011 3406 1100 3457 sed
1127 3405 1395 3478 prasertim
1413 3424 1466 3459 n.
1483 3405 1569 3473 46.
1584 3434 1649 3451 --
1666 3407 1757 3465 50.

1254 3668 1264 3698 Ἃ
