2175 3809
388 225 481 296 36
800 230 981 298 Lrn.
1033 229 1084 300 1.
1142 235 1336 301 Car.
1387 225 1519 298 IV.

392 317 578 386 tibus
610 320 1059 390 custodienda
1087 349 1104 390 z
1151 321 1336 414 quod
1368 318 1583 390 Graeci
1616 317 1971 414 marewic,

390 422 677 494 vocant,
712 436 839 480 nos
884 423 1059 482 recte
1099 412 1434 488 ’scribendi
1457 415 1812 488 scientiam,
1837 433 1967 477 no·-

390 501 751 574 minemus.
792 503 931 570 .·.*.
1325 531 1332 538 ·
1610 523 1644 530 ··

486 598 633 684 Ego
657 593 833 676 (nisi
864 591 1049 686 quod
1078 593 1510 663 consuetudo
1538 587 1964 675 obtinuerit)

394 682 493 752 sic
517 683 954 754 scribendum
987 683 1280 778 quicque
1302 684 1536 774 judico
1556 737 1574 768 ‚
1605 679 1994 778 quemodo,

390 786 613 842 sonat.
657 775 797 844 Hic
849 776 1228 844 eni-musus
1274 788 1376 845 est
1407 774 1832 856 litterarum,
1884 786 1968 842 ut

390 863 783 935 custodiant
816 889 1011 936 voces
1032 918 1051 948 ,
1090 880 1161 935 et
1179 868 1368 936 velut
1399 865 1783 958 depositum
1813 862 1968 932 red-

388 953 555 1024 dant
583 955 969 1048 legentibus
999 985 1016 1024 ε
1049 957 1279 1049 itaque
1316 957 1388 1026 id
1420 959 1794 1050 exprimere
1825 953 1969 1023 de—

388 1044 601 1130 bent·,
651 1047 837 1139 quod
868 1047 1122 1118 dicturi
1150 1074 1405 1118 sumus·

479 1143 605 1208 Hae
638 1139 777 1210 fere
813 1152 971 1209 sunt
1018 1139 1376 1209 emendate
1419 1135 1754 1232 loquendi¹
1795 1134 1968 1205 scri-

387 1226 735 1322 bendique
782 1245 1005 1322 partes
1028 1257 1051 1316 3
1099 1231 1270 1300 duas
1309 1229 1602 1322 reliquas
1628 1281 1647 1313 ‚
1681 1225 1968 1319 signifi-
2017 1303 2022 1310 ¹

390 1333 626 1390 canter
658 1336 1029 1415 ornateque
1070 1320 1395 1406 dicendi,
1450 1345 1591 1389 non
1639 1319 1966 1409 equidem

438 1412 849 1481 rammaticis
898 1413 1181 1498 aufer0·;
1212 1413 1565 1496 sed‚·cum
1614 1410 1782 1478 mihi
1837 1409 1966 1478 of-

387 1436 545 1570 ficia
576 1503 873 1571 rhetoris
894 1503 1237 1594 supersint
1256 1554 1277 1585 ‚
1305 1500 1546 1591 majori
1595 1501 1784 1592 operi
1837 1526 1967 1569 re·-

388 1615 607 1661 servo.
638 1592 847 1661 Redit
907 1605 1134 1662 autem
1195 1591 1313 1662 illa
1346 1592 1672 1684 cogitatio
1698 1644 1717 1676 ‚
1761 1617 1969 1682 quos-

388 1681 545 1752 dam
578 1683 725 1754 sore
750 1735 769 1769 ‚
800 1684 917 1776 qui
940 1683 1128 1769 haee,
1165 1709 1312 1777 quae
1370 1683 1697 1766 diximuS‚
1753 1707 1968 1774 parva

384 1773 678 1850 nimium
727 1827 749 1859 ‚
796 1788 864 1845 et
913 1775 1400 1867 impedimenta
1433 1778 1702 1880 qnoque
1742 1778 1968 1861 maj‘u‘s

263 1879 271 1889 ‘
388 1865 652 1959 aliquid
677 1866 1039 1959 agentibus
1058 1864 1966 1959 putent.Necipsead·extre·

388 1983 566 2029 mam
599 1983 809 2051 usque
842 1959 1250 2030 anxietatem
1270 2011 1291 2044 ,
1321 1970 1389 2030 et
1421 1957 1685 2048 ineptas
1735 1955 1965 2024 cavil-

254 2069 263 2078 ·
386 2047 679 2124 lationes
704 2048 1258 2118 descendendum
1284 2101 1303 2132 .,
1336 2061 1537 2140 atque
1584 2046 1693 2116 his
1749 2046 1966 2139 inge—

382 2141 502 2208 nia
534 2137 805 2208 concidi
834 2151 900 2206 et
928 2138 1300 2208 comminui
1351 2137 1579 2208 credo,
1611 2137 1744 2208 Sed
1779 2138 1964 2208 nihil

388 2255 468 2300 ex
506 2234 951 2320 grammatica
988 2230 1324 2299 ‘nocuerit
1365 2283 1386 2315 ‚
1435 2229 1570 2298 nisi
1619 2229 1804 2321 quod
1845 2255 1962 2298 su-

384 2345 797 2412 pervacuum
854 2331 981 2388 est.
1020 2326 1132 2389 An
1189 2319 1345 2390 ideo
1401 2320 1628 2390 minor
1697 2332 1802 2389 est
1853 2327 1960 2390 M.

386 2411 663 2494 Talliu‘s
686 2422 919 2480 orator
943 2465 961 2494 ‚
996 2412 1182 2503 quod
1217 2411 1398 2482 idem
1423 2412 1588 2481 artis
1619 2409 1826 2499 hujus
1857 2410 1962 2482 di-

384 2502 433 2572 li
486 2501 873 2572 entissimus
899 2501 1033 2571 suit
1056 2554 1075 2587 ‚
1109 2517 1180 2572 et
1208 2504 1281 2571 in
1325 2502 1470 2571 filio
1500 2509 1536 2589 (
1561 2514 1638 2570 ut
1677 2503 1748 2572 in
1783 2502 1962 2594 epis-

350 2529 556 2672 iniis·
576 2600 913 2685 apparet)
974 2605 1156 2663 recte
1186 2592 1511 2686 loquendi
1561 2619 1758 2685 asper
1787 2619 1960 2685 quo-

383 2711 517 2778 que
565 2696 835 2757 exactor
864 2685 1065 2756 ?2Aut
1120 2684 1256 2755 vim
1289 2689 1362 2753 C.
1406 2685 1683 2753 Caesaris
1735 2684 1834 2753 fre
1885 2711 1958 2754 e-

382 2781 549 2848 runt
609 2774 774 2869 editi
835 2775 919 2842 de
982 2775 1307 2866 analogia
1342 2774 1558 2845 libri?
1605 2781 1746 2844 Aut
1796 2711 1956 2846 ἰὲεο

380 2871 607 2940 minus
640 2864 963 2935 Messala
1022 2867 1284 2936 nitidus
1324 2919 1343 2948 ‚
1387 2865 1565 2958 ‘quia
1621 2867 1957 2960 quosdam

380 2975 561 3033 totos
587 2956 855 3028 libellos
872 2981 1017 3024 non
1038 2957 1123 3026 de
1151 2956 1372 3027 verbis
1396 2956 1599 3026 modo
1627 2957 1956 3050 singuli5‚

378 3055 499 3124 sed
532 3051 737 3121 etiam
787 3046 1034 3115 litteris
1068 3047 1314 3118 dedit?
1344 3055 1498 3118 Non
1541 3048 1818 3118 obstant
1849 3048 1958 3119 hae

376 3140 754 3232 disciplinae
820 3161 943 3228 per
974 3135 1127 3209 illas
1181 3138 1554 3226 euntibus,
1601 3139 1719 3212 sed
1768 3139 1957 3212 circa

378 3235 530 3304 illas
562 3225 1003 3304 haerentibus.
1086 3320 1093 3326 .
1817 3243 1828 3260 “·
