2175 3809
590 283 723 348 DE
794 284 1177 350 Musica.
1653 295 1694 367 4

126 381 416 438 texentis
440 369 651 439 etiam
684 369 1059 462 subjectam
1080 375 1564 463 grammaticen
1585 398 1730 442 mu-

138 461 285 529 sicae
318 473 790 553 putaverunt,
826 473 894 530 et
925 461 1198 532 eosdem
1236 465 1596 556 utriusque
1631 463 1730 534 rei

194 565 597 644 raeceptores
642 552 889 635 fuisse,
945 579 1098 622 cum
1134 552 1454 646 Sophron
1502 566 1736 624 osten-

138 578 274 726 tiit,
300 644 675 712 mimorum
738 639 989 712 'uidem
1026 645 1353 738 scriptor,
1381 645 1499 715 sed
1525 671 1732 738 quem

142 733 326 804 Plato
376 733 553 803 adeo
598 760 724 827 pro
778 735 962 819 avit,
998 749 1074 804 ut
1107 736 1497 830 suppositos
1523 737 1734 828 capiti

144 823 347 894 libros
412 831 561 915 ejus
594 878 613 909 ‚
681 823 834 900 cum
898 841 1282 896 moreretur
1309 880 1329 912 ‚
1400 826 1729 897 habuisse

144 915 501 999 tradatur3
568 915 720 999 tum¹
754 916 1038 1009 Eupolis
1084 918 1269 1011 apud
1319 942 1518 1012 quem
1559 919 1724 988 Pro-

144 1004 372 1075 damus
441 1019 510 1074 et
560 1007 866 1076 musicen
924 1021 992 1078 et
1047 1009 1312 1079 litteras
1367 1009 1590 1080 docet.
1637 1015 1732 1078 Et

144 1097 431 1166 Maricas
458 1150 476 1183 ‚
511 1098 630 1202 qui
670 1093 771 1168 est
815 1099 1262 1204 Hyperbolus
1285 1153 1303 1185 ‚
1335 1099 1510 1169 nihil
1544 1126 1614 1169 se
1647 1123 1736 1169 ex

148 1188 392 1258 musice
455 1213 630 1258 sclre
666 1242 688 1275 ,
767 1190 899 1259 nim
984 1190 1250 1262 litteras
1327 1189 1721 1260 confitetur.

147 1279 629 1376 Aristophanes
680 1305 954 1375 quoque
1002 1308 1146 1351 non
1196 1308 1336 1351 uno
1391 1281 1570 1351 libro
1626 1283 1732 1352 sic·

152 1369 421 1453 institui
455 1397 703 1464 pueros
738 1372 1124 1464 antiquitus
1154 1372 1396 1442 >solitos
1429 1399 1575 1443 esse
1611 1371 1731 1442 de-

152 1475 493 1530 monstrat.
528 1469 621 1532 Et
648 1463 835 1555 apud
872 1464 1339 1534 Menandrum
1378 1465 1448 1534 in
1485 1463 1730 1558 Hy‘po-

150 1550 478 1637 bolimaeo,
541 1579 745 1624 senex
781 1556 1163 1647 reposcenti
1216 1554 1438 1626 filium
1498 1556 1721 1650 patri,

146 1644 321 1713 velut
344 1647 682 1715 rationem
706 1645 1244 1737 impendiorum,
1277 1673 1424 1740 quae
1461 1647 1534 1716 in
1561 1646 1726 1717 edu-

148 1735 478 1805 cationem
500 1736 918 1822 contulerat,
955 1743 1054 1824 (1)
1081 1763 1472 1831 opponens,
1491 1737 1730 1831 psaltis

147 1849 213 1894 se
248 1823 707 1920 et'geometris
738 1828 952 1898 multa
982 1827 1152 1898 dicit
1186 1827 1477 1898 dedisse.
1519 1825 1726 1898 Unde

148 1915 342 1986 eliam
367 1917 481 1986 ille
504 1944 679 1998 mos,
716 1920 788 1988 ut
809 1919 887 1988 in
922 1919 1436 2010 conviviis'post
1464 1943 1730 2003 coenam

152 2007 697 2078 circumferretur
728 2009 874 2102 lyra
900 2037 922 2098 3
950 2013 1155 2098 'cujus
1189 2035 1342 2079 cum
1387 2035 1456 2079 se
1491 2011 1722 2102 impe-

152 2097 345 2172 ritum
402 2095 904 2172 Themistocles
963 2103 1316 2172 confessus
1373 2113 1592 2186 esset,
1650 2113 1728 2171 ut

151 2189 360 2261 verbis
380 2191 732 2261 Ciceronis
770 2197 868 2279 (2)
888 2207 1063 2278 utar,
1082 2193 1352 2264 babilas
1370 2204 1470 2264 est
1498 2192 1722 2263 indoc-

153 2284 285 2349 tior.
342 2281 478 2352 Sed
540 2295 845 2353 veterum
906 2297 1180 2379 quoque
1245 2291 1722 2355 Romanorum

153 2372 355 2462 epulis
388 2373 560 2444 fides
596 2400 674 2444 ac
713 2374 917 2444 tibias
950 2375 1279 2446 adhibe-re
1313 2376 1520 2444 moris
1565 2374 1722 2444 fuit.

150 2467 389 2534 Versus
436 2491 709 2560 quoque
746 2465 1085 2538 Saliorum
1127 2465 1386 2536 habent
1422 2492 1721 2537 carmen.

153 2559 305 2641 Quae
339 2557 497 2626 cum
524 2557 754 2627 omnia
788 2558 927 2628 sint
961 2585 999 2628 a
1026 2567 1248 2628 Numa
1299 2583 1369 2627 re
1422 2584 1456 2626 e
1506 2558 1724 2628 insti-—

150 2655 321 2731 tuta,
377 2647 645 2717 faciunt
692 2650 1127 2719 manifestum
1161 2702 1180 2733 ‚
1211 2650 1316 2717 'ne
1372 2675 1390 2718 ι
1428 2649 1511 2718 lis
1557 2651 1727 2742 qui-

152 2734 324 2820 dem,
388 2737 503 2830 qui
574 2738 778 2809 rudes
846 2767 925 2811 ac
978 2739 1291 2810 bellicosi
1341 2739 1669 2809 videntur
1703 2793 1724 2825 ‚

152 2851 371 2897 curam
422 2830 754 2914 musices,
809 2845 1133 2924 quantam
1189 2830 1308 2900 illa
1346 2829 1726 2924 recipiebat

148 2931 339 3003 aetas,
395 2919 719 2990 defuisse.
770 2923 1091 3014 Denique
1151 2923 1229 3000 in
1281 2920 1725 3014 proverbium

150 3032 350 3099 usque
384 3016 779 3082 Graecorum
816 3012 1230 3082 celebratum
1268 3026 1402 3094 est,
1470 3017 1572 3094 (3)
1625 3013 1728 3076 in·-

146 3099 369 3170 doclos
392 3127 437 3170 a
468 3109 676 3172 musis
702 3115 897 3196 atque
934 3109 1183 3195 gratiis
1212 3103 1462 3173 abesse.

206 3195 225 3252 (
248 3208 265 3239 ι
334 3191 441 3242 Alii
460 3193 634 3261 legunt
654 3211 665 3244 ι
690 3209 960 3262 exponens.
990 3193 1213 3262 psaltis,
1234 3192 1299 3243 id
1317 3203 1418 3257 est,
1451 3195 1725 3259 prlecepto-

144 3253 271 3304 ribus
354 3259 533 3309 usiceS.
652 3283 661 3290 ·

207 3322 280 3390 (ο
306 3323 327 3391 )
358 3323 622 3376 Ciceronis
654 3342 672 3375 1
706 3327 857 3376 Tuse.
885 3326 971 3392 42„

205 3403 320 3472 (3)
356 3403 667 3455 Dicebantur
696 3392 894 3470 ei‘pwoa
934 3394 1220 3486 &zelfa-tf.

328 3469 539 3539 Tome
585 3470 642 3539 Ι.
1395 3471 1448 3534 C
