2175 3809
377 312 511 395 364
729 314 907 379 Lm.
954 314 1089 378 vr
1139 312 1324 379 cu.
1370 315 1501 378 ιν.

376 424 535 469 cum
572 398 661 470 sit
749 402 922 470 osita
958 402 1031 470 in
1065 401 1209 472 sola
1258 406 1622 471 inventione
1651 452 1672 485 ‚
1727 400 1962 494 neque*

376 488 630 560 habere
674 426 1166 582 dispositionem
1207 494 1462 587 possit,
1495 518 1622 561 nec
1647 490 1958 562 elocutio-

370 586 477 652 nis
510 597 911 652 ornamenta
945 608 1358 677 magnopere
1395 584 1782 667 desideret,
1834 596 1956 653 aut

374 670 558 744 circa
605 678 981 745 memoriam
1017 688 1085 745 et
1121 680 1723 765 pronuntiationem
1759 674 1956 745 labo-

373 778 523 849 ret3
570 766 765 861 prius
799 791 1003 861 quam
1034 766 1405 857 secundam
1439 768 1742 872 qpinque
1785 791 1958 859 par-

372 854 549 926 tium
575 910 593 942 ‚
648 856 871 943 hanc,
920 884 1066 950 quae
1109 871 1254 928 tota
1288 884 1366 928 ex
1404 884 1621 949 prima
1657 857 1952 949 pendet,
1995 866 2000 869 ’

330 998 343 1013 ,
366 958 787 1017 tractaturus
820 975 959 1018 non
994 949 1224 1019 alieno
1261 949 1413 1017 loco
1444 949 1684 1019 videor
1707 975 1724 1016 x
1749 973 1958 1039 quam

367 1038 734 1131 scriptores
784 1037 941 1109 ideo
991 1040 1275 1110 fortasse
1324 1038 1444 1109 alii
1477 1039 1951 1133 reliquerunt,

369 1130 533 1223 quia
574 1130 735 1199 satis
772 1131 1027 1201 caeteris
1073 1131 1430 1223 praeceptis
1465 1130 1536 1199 in
1564 1130 1744 1199 hanc
1768 1156 1957 1222 quo-

367 1246 502 1313 que
552 1220 913 1291 videbatur
966 1242 1113 1291 esse·
1165 1235 1617 1317 prospectum.
1665 1227 1956 1309 Constat

368 1312 559 1381 enim
610 1325 729 1383 aut
782 1318 1180 1398 intentione,
1231 1326 1349 1382 aut
1397 1313 1821 1403 depulsione,
1867 1311 1952 1383 de

312 1492 321 1503 x
367 1403 622 1495 quibus
662 1404 823 1473 satis
856 1405 1186 1474 traditum
1219 1418 1353 1489 est3
1385 1405 1586 1497 quia,
1665 1402 1955 1496 uicquid

365 1492 440 1562 in
508 1500 768 1564 actione
846 1510 1176 1587 perpetua
1253 1496 1432 1565 circa
1507 1522 1630 1588 pro
1677 1496 1952 1563 ationes

366 1584 537 1655 utile
574 1597 705 1668 est,
734 1584 912 1654 idem
950 1586 1021 1655 in
1057 1586 1184 1656 hac
1209 1585 1398 1657 brevi
1436 1598 1638 1691 atque
1671 1586 1954 1655 concisa

364 1676 630 1783 prosit,
678 1702 953 1746 necesse
1006 1690 1128 1747 est.
1163 1686 1399 1769 Neque
1443 1678 1577 1747 aha
1620 1676 1954 1749 dicuntur

362 1792 440 1837 ln
480 1768 909 1838 altercatione
944 1821 963 1853 ‚
1006 1768 1126 1837 sed
1186 1769 1386 1837 aliter
1413 1822 1433 1853 ‚
1493 1782 1612 1837 aut
1651 1768 1954 1837 interro-

361 1859 592 1951 gando
620 1913 638 1946 ‚
692 1872 815 1929 aut
867 1858 1372 1951 respondendo.
1424 1863 1634 1949 Cujus
1666 1858 1766 1927 rei
1805 1860 1951 1929 fere

361 1951 587 2021 omnis
630 1950 1016 2023 observatio
1076 1952 1148 2021 in
1183 1950 1307 2023 illo
1341 1950 1620 2028 testium
1657 1957 1759 2037 (1)
1793 1950 1950 2021 loco

365 2042 570 2111 nobis
612 2068 887 2112 excussa
936 2055 1058 2113 est.

453 2140 719 2202 Tamen
746 2186 765 2217 ‚
800 2133 960 2225 quia
999 2132 1206 2203 latiu‘s
1247 2132 1382 2205 hoe
1423 2158 1594 2226 opus
1643 2132 1948 2224 aggressi

359 2249 634 2309 summ,
681 2250 913 2317 neque.
950 2226 1295 2317 perfectus
1339 2236 1571 2295 orator
1622 2223 1770 2293 sine
1817 2222 1951 2293 hae

356 2316 611 2385 virtute
642 2315 777 2385 dici
803 2328 1055 2407 potest,
1084 2316 1441 2421 paululum
1471 2314 1948 2407 impendamus

355 2407 525 2476 huic
564 2432 835 2498 quoque
887 2407 1256 2497 peculiaris
1292 2434 1554 2500 operae;
1591 2432 1738 2498 quae
1773 2404 1950 2499 qui—

359 2498 516 2569 dem
546 2498 617 2566 in
648 2496 1057 2590 quibusdam
1088 2503 1312 2569 causis
1337 2498 1425 2567 ad
1449 2496 1808 2569 victoriam
1831 2496 1948 2571 xfel

354 2589 735 2685 plurimum
771 2588 1022 2659 valet...

352 2712 359 2719 ·
450 2680 842 2773 Asper-rima
880 2680 951 2749 in
986 2680 1116 2750 hac
1164 2693 1356 2773 parte
1413 2678 1768 2749 dimicatio
1801 2690 1940 2761 est,

353 2798 486 2844 nec
511 2772 677 2843 alibi
716 2770 965 2840 dixeris
996 2770 1210 2863 magis
1248 2773 1351 2864 (2)
1389 2796 1716 2841 mucrone
1768 2796 1950 2863 pug-

359 2864 535 2935 nari.
1560 2922 1568 2929 .

448 2963 623 3027 Nam
650 2967 717 3023 et
743 2952 1128 3023 firmissima
1153 2978 1436 3047 quaeque
1466 2951 1807 3023 memoriae
1833 2954 1945 3041 ju-

358 3045 531 3118 dicis
588 3044 1003 3119 inculcanda
1062 3058 1265 3134 sunt,
1319 3058 1388 3115 et
1427 3042 1892 3141 praestandum
1923 3093 1945 3129 ,

420 3218 521 3285 (ι)
550 3218 665 3267 Lib.
700 3215 747 3266 5.
780 3234 889 3286 cap.
924 3235 974 3285 7.

424 3314 446 3379 (
466 3314 534 3379 α)
567 3313 777 3379 Elegans
813 3314 1102 3392 metaphora
1122 3354 1138 3382 ‚
1161 3316 1306 3369 ducta
1340 3336 1368 3369 a
1398 3318 1586 3388 pugnis
1605 3315 1826 3379 bellicis,
1853 3313 1948 3363 ubi

354 3391 473 3425 tunc
502 3381 631 3453 Mars
652 3392 723 3427 est
747 3392 1107 3454 atmcsssumus,
1125 3401 1243 3435 cum
1269 3385 1500 3453 projectis
1523 3383 1643 3455 pilis
1669 3382 1736 3435 ad
1763 3395 1949 3453 manu}

354 3452 403 3492 et
430 3440 615 3505 gladzos
649 3456 859 3501 venunt.
1141 3440 1159 3458 ⁴
