2175 3809
413 293 542 382 riu
806 300 982 364 Lu.
1031 297 1179 364 ΙΙΙ.
1226 300 1409 365 Car.
1458 299 1510 364 Ι.

410 390 706 460 ditorem
734 391 1229 479 Hermagoram
1280 384 1613 478 suntqui
1661 381 2003 462 viderint.

501 485 968 550 Romanorum
995 478 1254 570 primus
1285 485 1313 562 (
1336 489 1666 570 quantum
1688 500 1813 568 ego
1841 477 2004 570 qui-

412 570 568 641 dem
600 571 808 640 sciam
840 577 868 654 )
915 567 1231 640 condidit
1256 569 1482 673 aliqua
1534 567 1603 636 in
1634 567 1813 637 hane
1844 593 2003 636 ma-

410 662 654 732 teriam
678 668 776 732 M.
795 666 962 738 Casso
991 659 1106 730 ille
1126 667 1512 747 Censorius,
1532 671 1682 752 post
1708 661 1809 728 M.
1841 664 2003 728 An-

409 753 643 825 tonius
701 749 1072 831 inchoavit.
1129 759 1303 822 Nam
1351 751 1483 820 hoc
1546 752 1767 822 solum
1813 775 2002 842 opus

411 848 556 932 ejus
577 897 595 928 ‚
629 855 830 937 atque
860 843 929 912 id
958 843 1179 935 ipsum
1200 842 1669 936 imperfectum
1690 894 1709 928 ‚
1734 857 2001 913 manet.

407 935 636 1005 Secuti
684 934 908 1004 minus
953 933 1255 1004 celebres
1295 988 1313 1016 ‚
1362 958 1655 1026 quorum
1716 959 2002 1004 memo-

328 1105 332 1109 ,
411 1027 622 1112 riam,
651 1027 708 1096 si
751 1051 886 1120 quo
919 1025 1105 1096 locos
1133 1051 1234 1096 res
1268 1038 1502 1116 poscet
1526 1078 1545 1110 ‚
1603 1051 1745 1098 uon
1784 1026 2002 1096 omit-

409 1129 572 1186 tam.
1382 1131 1393 1139 '

501 1208 930 1300 Praecipuum
963 1235 1125 1279 vero
1158 1209 1420 1294 lumen,
1448 1207 1623 1277 sicut
1657 1199 1997 1302 eioquen-

411 1300 522 1372 tiae
542 1353 563 1386 ‚
599 1301 690 1370 ita
725 1301 1080 1394 praeceptis
1105 1325 1374 1406 quoque
1394 1303 1539 1388 ejus
1565 1298 1758 1369 dedit
1790 1353 1809 1384 ‚
1840 1299 1995 1369 uni-

409 1417 567 1462 cum
593 1391 776 1483 apud
805 1416 928 1461 nos
960 1415 1319 1484 spemmem
1355 1389 1629 1474 orandi,
1660 1391 1998 1460 docendi-

305 1481 312 1486 ’
409 1507 543 1573 que
563 1482 892 1551 oratorias
917 1495 1095 1552 artes
1116 1533 1135 1566 ‚
1156 1487 1253 1554 M.
1275 1482 1551 1552 Tullius
1573 1508 1594 1567 3
1614 1495 1765 1574 post
1785 1509 1995 1576 quem

407 1583 634 1641 tacere
671 1571 1242 1642 modestissimum
1296 1572 1514 1658 foret,
1551 1574 1683 1642 nisi
1732 1587 1801 1642 et
1842 1574 1995 1644 rbe-

405 1667 645 1733 torices
685 1687 841 1732 suos
883 1663 1026 1756 ipse
1083 1664 1499 1735 adolescenti
1535 1663 1668 1734 sibi
1722 1665 1995 1757 elapsos

408 1754 704 1839 diceret,
748 1760 850 1839 (1)
907 1765 976 1824 et
1027 1755 1098 1824 in
1129 1757 1443 1826 oratoriis
1485 1756 1627 1826 haec
1675 1757 1945 1825 minora
1972 1808 1995 1841 ,

409 1871 558 1940 quae
582 1846 887 1941 plerique
915 1845 1326 1931 desiderant,
1375 1848 1594 1918 sciens
1628 1847 1990 1917 omisisset.

392 1939 697 2032 'Scripsit
727 1938 811 2009 de
838 1939 1074 2009 eadem
1102 1940 1382 2009 materia
1417 1965 1552 2008 non
1582 1964 1797 2030 pauca
1832 1945 1995 2008 Cor-

411 2029 726 2111 nificius,
773 2030 998 2124 aliqua
1047 2031 1449 2114 Stertinius,
1499 2030 1818 2100 nonnihil
1862 2057 1993 2122 pa·-

408 2131 518 2191 ter
565 2120 790 2190 Gallio
827 2149 842 2189 t
891 2123 1274 2192 accuratius
1322 2147 1484 2193 vero
1518 2122 1779 2214 priores
1812 2123 1990 2192 Gal-

411 2211 598 2282 lione
651 2212 883 2280 Celsus
933 2224 999 2279 et
1031 2218 1292 2299 Lenas‚
1356 2227 1425 2284 et
1480 2214 1693 2282 aetatis
1744 2226 1991 2284 nostrae

409 2302 810 2394 Virginius,
858 2299 1156 2387 Plinius»,
1191 2304 1517 2374 Rutilius.
1552 2311 1727 2374 Sunt
1760 2318 1829 2375 et
1876 2305 1991 2374 ho-

410 2392 522 2463 die
553 2393 715 2464 clari
743 2391 1048 2483 ejusdem
1083 2397 1309 2487 operis
1349 2399 1699 2481 auctores,
1734 2397 1855 2491 qui
1880 2451 1900 2482 ,
1936 2396 1989 2466 si

409 2486 642 2556 omnia
679 2487 1010 2579 complexi
1047 2487 1307 2579 forent,
1336 2487 1853 2576 ‚consuluissent
1882 2488 1995 2558 la-

409 2575 561 2646 bori
582 2604 730 2647 meo
752 2605 767 2647 :
792 2577 908 2648 sed
981 2602 1143 2648 arco
1166 2577 1559 2650 nominibus
1586 2580 1993 2666 viventium,

410 2669 643 2741 veniet
667 2694 903 2748 eorum
964 2669 1126 2741 audi
1156 2696 1349 2740 suum
1378 2684 1683 2765 tempus3
1724 2671 1995 2765 adnpos·

409 2771 594 2830 teros
640 2761 824 2830 enim
857 2762 1072 2832 virtus
1118 2760 1428 2849 durabit,
1454 2789 1596 2833 non
1638 2765 1997 2859 perveniet

413 2851 698 2924 invidia.
739 2859 892 2923 Non
959 2865 1187 2924 tamen
1252 2868 1407 2948 post
1466 2869 1569 2927 tot
1630 2883 1710 2927 ac
1765 2869 1996 2926 tantos

411 2958 726 3016 auctores
777 2944 1037 3039 pigebit
1069 2971 1287 3016 meam
1354 2947 1767 3042 quibusdam
1822 2947 1995 3018 locis

412 3037 717 3128 posuisse
759 3036 1189 3107 sententiam.
1224 3045 1322 3108 Ne
1376 3067 1459 3110 ue
1501 3040 1686 3110 enim
1727 3066 1838 3109 me
1888 3065 2001 3110 cu·

331 3165 346 3178 ·
409 3131 722 3220 jusquam
743 3129 1166 3209 sectae‚velut
1188 3067 1479 3226 quagam
1504 3130 1997 3224 superstitione

413 3217 756 3304 imbutus,
791 3217 1061 3304 addixi3
1106 3235 1179 3292 et
1218 3221 1540 3293 electuris
1572 3250 1720 3317 quae
1760 3223 2001 3294 volent

413 3305 728 3378 facienda
757 3311 954 3404 copia
987 3311 1156 3398 fuit,
1194 3314 1373 3406 sicut
1413 3315 1556 3409 ipse
1586 3314 1898 3410 plurium
1928 3314 2002 3383 in

481 3425 583 3494 (ι)
618 3445 638 3478 1
673 3431 734 3482 de
755 3434 958 3488 Oratore
989 3436 1038 3491 5.
1189 3417 1195 3422 ¹
1689 3444 1697 3448 ”

1780 3529 2010 3614 ιιιιιιιῐιἶ

1982 3619 2015 3778 2

2096 3542 2143 3778 Λ
