2175 3809
336 271 425 338 62
794 265 966 333 Lm.
1018 254 1070 332 l.
1121 265 1300 332 Cn·-
1348 261 1488 332 XI.

335 356 457 426 sed
510 352 763 426 eodem·
782 354 1109 447 temporis
1158 351 1504 424 momemb
1551 351 1692 423 vim
1725 353 1922 424 su'am

336 447 707 540 impendat.
752 454 861 520 An
896 471 1055 518 vero
1103 444 1456 516 citharoedi
1515 470 1658 514 non
1709 445 1918 514 simul

244 541 279 606 .“
334 553 409 610 et
470 538 853 622 memoriae‚
917 550 985 606 et
1026 563 1196 608 sono
1260 539 1442 607 vocis
1479 535 1922 644 et·pluribus

310 631 625 702 ¹flexibus
700 631 1069 714 serviunt,
1156 655 1315 700 cum
1387 629 1664 699 interim
1735 628 1926 699 ‘alios
2015 679 2024 688 -

338 749 587 794 nervos
634 721 889 790 dextra·
915 722 1358 814 percutiunt,
1393 719 1564 790 alios
1597 720 1758 792 laeva
1788 732 1928 790 tra·

338 814 561 898 hunt,
596 812 953 884 continent
971 866 990 898 ‚
1014 811 1348 906 probaut3
1380 837 1476 887 ne
1502 837 1620 904 pes
1637 811 1928 905 quidem

292 927 300 932 ‘⁴
340 907 601 976 otiosus
629 958 648 990 ‚
680 917 933 991 certam
972 905 1192 998 legem
1233 918 1368 975 tem
1421 929 1628 974 orum·
1651 915 1875 974 servat
1903 955 1926 988 ‚

339 1011 411 1068 et
439 997 582 1068 haec
606 996 865 1091 pariter
896 997 1129 1068 omnia
1155 1008 1184 1067 ,Ρ
1219 996 1358 1085 Qui
1437 1002 1462 1065 ἲ
1501 1021 1628 1065 nos
1667 995 1926 1087 agendi

342 1088 568 1160 subita
608 1089 1011 1158 necessitate
1046 1087 1130 1159 de
1183 1088 1489 1172 rehensi‚
1521 1113 1754 1158 nonne
1785 1085 1928 1156 alia

341 1179 677 1266 dicimus,
742 1116 1401 1273 alia'provigemus,
1457 1203 1611 1248 cum
1663 1177 1928 1272 pariter

342 1272 653 1343 inventio
690 1296 951 1358 rerum,
988 1272 1235 1344 electio
1285 1271 1648 1362 verborum
1679 1323 1698 1356 ‚
1746 1296 1930 1352 com-

344 1363 597 1454 positio
623 1417 641 1447 ,
703 1377 931 1456 gestus
955 1415 974 1446 ,
1046 1361 1525 1456 ρῑοῐιιιῐιίἰεῐὶο
1559 1413 1578 1447 ,
1636 1362 1868 1433 vultus
1902 1413 1924 1444 ,

297 1470 301 1474 '
344 1467 701 1548 motusque
734 1454 1258 1524 desiderentur?
1286 1460 1452 1542 Quae
1487 1453 1541 1522 si
1577 1453 1762 1524 velut
1793 1452 1930 1524 sub

274 1605 281 1612 .
346 1571 487 1614 uno
514 1558 765 1616 conatu
800 1557 939 1617 tam
965 1543 1231 1614 diversa
1260 1558 1505 1638 parent
1531 1545 1766 1630 simul,
1801 1560 1930 1614 c'ur

276 1673 297 1682 -
343 1661 489 1708 non
512 1636 827 1729 pluribus
852 1635 1038 1706 horis
1062 1636 1328 1706 diversa
1348 1639 1748 1732 partiamur,
1769 1661 1932 1708 cum

344 1727 715 1823 praesertim
761 1727 1025 1798 reficiat
1068 1727 1334 1804 animos
1381 1755 1462 1798 ae
1497 1738 1770 1822 reparet
1817 1747 1950 1796 πο.

236 1880 256 1887 -
344 1820 550 1890 rietes
600 1820 746 1912 ipsa
770 1872 789 1903 ‚
826 1831 1203 1915 contraque
1233 1820 1322 1890 sit
1353 1820 1707 1914 aliquanto
1749 1819 1936 1889 diffi-

345 1911 549 1982 cilius
608 1912 681 1982 in
739 1911 972 1982 labore
1028 1938 1170 1982 uno
1221 1937 1652 2004 perseverare
1704 1910 1926 1982 i'ideo

346 2016 415 2072 et
446 2004 661 2108 stylus
693 2001 987 2072 lectione
1022 2003 1428 2094 requiescit,
1463 2017 1531 2074 et
1556 2004 1768 2096 ipsius
1795 2003 1948 2076 lec-·

345 2093 557 2164 tioms
590 2093 867 2167 iaedium
902 2093 1172 2163 vieibus
1207 2093 1494 2167 levatur.
1528 2093 1954 2184 Quamlibet,

346 2186 561 2254 multa
588 2183 956 2277 egenitum,
994 2183 1288 2290 quodam
1323 2198 1554 2257 tamen
1585 2186 1792 2258 modo
1826 2213 1932 2259 re-

340 2287 591 2370 xcentes
615 2299 847 2345 sumus
879 2273 966 2344 ad
1006 2275 1079 2346 id
1113 2276 1297 2370 quod
1331 2277 1722 2372 incipimus,
1753 2281 1932 2368 Quis

291 2377 299 2384 ”
346 2393 489 2436 non
530 2365 837 2437 obtundi
878 2367 1138 2462 possit,
1195 2368 1252 2438 si
1308 2395 1432 2463 per
1486 2383 1702 2442 totum
1741 2371 1932 2444 diem

346 2463 815 2553 cujuscunque
851 2459 1015 2530 artis
1046 2485 1263 2532 unum
1289 2462 1690 2556 magistrum
1707 2461 1884 2532 ferat
1903 2472 1936 2536 ἓ

345 2550 739 2620 Mutatione
798 2551 1224 2622 recreabitur
1267 2605 1284 2636 .,
1349 2554 1526 2624 sieut
1572 2554 1646 2625 in
1703 2553 1932 2644 cibis,

346 2667 638 2736 quorum
691 2641 1083 2714 diversitate
1131 2641 1440 2714 refieitur
1491 2645 1930 2734 stomachus,

348 2747 420 2804 et
464 2733 779 2828 pluribus
842 2735 1110 2806 minore
1165 2734 1444 2807 fastidio
1499 2737 1730 2808 alitur.
1786 2743 1936 2809 Aut

346 2825 583 2898 dicant
628 2827 742 2896 isti
789 2827 957 2920 mihi
993 2881 1012 2914 ‚
1054 2853 1200 2921 quae
1245 2827 1333 2898 sit
1383 2830 1517 2899 alia
1566 2830 1743 2901 ratio
1791 2829 1938 2901 dis-

348 2918 655 2989 cendi.Si
691 2924 791 3006 (1)
814 2918 1257 3011 grammatico
1283 2919 1409 2993 soli
1438 2921 1934 3010 deserviamus,

348 3009 600 3080 deinde
636 3021 991 3104 geom-etrae
1040 3022 1356 3098 tantum3
1401 3013 1932 3084 omittamusin-

345 3101 547 3172 terim
574 3101 759 3194 quod
778 3100 1148 3183 didicimus
1166 3155 1185 3190 ‚
1212 3129 1368 3174 mox
1391 3117 1816 3176 transeamus
1843 3105 1938 3176 ad

341 3192 719 3280 musicum,
768 3192 1084 3264 excidant
1121 3195 1392 3289 p'riora3
1435 3211 1503 3268 et
1527 3251 1547 3284 ‚
1591 3223 1802 3290 quum
1839 3197 1938 3267 la·

416 3332 438 3396 (
453 3349 472 3380 1
489 3333 532 3408 ).
544 3333 620 3382 An
638 3333 725 3384 ista
750 3337 847 3388 alia
866 3337 995 3392 ratio
1010 3337 1240 3392 discendi
1263 3338 1358 3392 erit
1378 3376 1396 3408 ,
1411 3339 1457 3390 si
1475 3339 1818 3394 Grammatico
1835 3333 1938 3394 soii

344 3395 711 3457 descrvmmus?
731 3415 826 3456 etc.
