2175 3809
306 193 436 274 134
668 185 998 256 L1n..11.
1047 185 1209 256 CAP-
1258 186 1512 254 XXII.

301 294 382 352 ut
417 280 488 349 in
539 276 738 348 leone
773 278 1066 368 impetus
1100 327 1118 360 ‚
1167 275 1241 344 in
1284 302 1461 369 equo
1504 273 1828 350 velocitas
1861 303 1907 364 3.

293 369 655 444 hominem
718 393 924 460 porro
983 367 1249 436 ratione
1309 380 1513 461 atque
1571 369 1891 438 oratione

301 463 632 534 excellere
669 459 926 529 caeteris
953 471 1217 536 certum
1242 471 1387 542 est;
1422 484 1543 528 cur
1567 483 1709 527 non
1738 473 1889 552 *tam

301 554 379 626 in
413 551 807 646 eloquentia
833 603 849 632 ,
889 575 1093 642 quam
1128 550 1201 619 in
1248 551 1514 620 ratione
1559 550 1895 620 virtutem

301 651 452 738 ejus
507 669 648 713 esse
696 639 1100 712 credamus?
1141 646 1489 734 Recteque
1531 639 1666 711 hoc
1702 641 1897 734 apud

302 737 703 808 Ciceronem
739 732 1010 803 disserit
1052 737 1353 802 Crassus.
1406 737 1509 818 (1)
1546 737 1669 801 Est
1698 732 1893 802 enim

299 827 671 920 eloquentia
684 850 816 893 una
829 823 1128 916 quaedam
1142 824 1225 894 de
1235 828 1504 894 summis
1518 824 1893 896 virtutibus.

297 925 388 992 Et
447 918 589 1012 ipse
631 918 873 987 Cicero
928 914 1000 984 in
1035 941 1159 985 sua
1205 941 1499 1009 persona
1526 968 1547 1000 ‚
1608 941 1763 988 cum
1798 915 1897 986 ad

212 1037 220 1048 ·
299 1017 596 1082 Brutum
630 1009 700 1078 in
733 1006 1076 1101 epistolis,
1111 1021 1257 1082 tum
1285 1007 1439 1078 aliis
1458 1005 1892 1094 etiamloci5‚

299 1099 811 1184 virtutem'eam
839 1099 1162 1190 appellat.

393 1200 489 1264 At
527 1195 908 1284 proaemium
941 1189 1313 1284 aliquando
1348 1202 1415 1259 et
1444 1193 1898 1260 narrationem

304 1285 478 1357 dicit
511 1285 730 1356 malus
766 1283 1011 1367 home,
1047 1295 1117 1352 et
1150 1292 1538 1373 argumenta
1566 1335 1585 1366 ‚
1640 1281 1737 1352 sic
1760 1335 1779 1366 .,
1814 1295 1902 1353 ut

303 1376 484 1448 nihil
519 1377 607 1445 sit
641 1377 712 1445 in
739 1375 848 1444 his
871 1373 1383 1464 requirendum.
1410 1380 1583 1442 Nam
1614 1387 1681 1442 et
1713 1373 1897 1446 latro

303 1467 644 1627 pugnabit
681 1465 931 1534 acriter
953 1517 973 1548 ‚
1008 1465 1227 1533 virtus
1261 1477 1486 1533 tamen
1522 1464 1655 1535 erit
1701 1463 1901 1534 forti-

302 1572 379 1628 tu
435 1585 474 1626 o
512 1583 528 1626 ε
571 1569 640 1626 et
677 1568 1016 1624 tormenta
1065 1555 1213 1624 sine
1248 1555 1507 1646 gemitu
1544 1557 1715 1627 seret
1747 1582 1897 1626 ma·-

303 1650 410 1720 lus
439 1673 669 1719 servus
688 1699 709 1731 ‚
731 1645 1100 1716 tolerantia
1134 1659 1361 1716 tamen
1390 1646 1650 1716 doloris
1684 1647 1897 1720 laude
1924 1705 1933 1710 .

303 1767 429 1812 sua
476 1766 618 1810 non
658 1737 940 1810 carebit.
977 1737 1205 1808 Multa
1238 1737 1415 1808 fiunt
1453 1739 1690 1819 eadem
1714 1791 1733 1823 ,
1770 1740 1899 1810 sed

303 1833 525 1903 aliter.
551 1829 1146 1936 Sufficiaqfiigitur
1177 1830 1357 1916 haec,
1384 1830 1547 1924 quia
1578 1829 1663 1902 de
1697 1831 1897 1902 utili-

301 1937 441 1995 tate
472 1949 679 2017 supra
707 1936 1169 1994 tractavlmus.
1574 1951 1586 1966 ·

236 2109 242 2116 .
302 2071 1903 2106 §xxxtxssxxuttxxxsxtsmx§mmmmmxmttxaem22222522212122222

696 2167 1107 2233 CAPUT
1197 2169 1492 2234 XXII.

277 2333 282 2338 ·
328 2304 579 2369 Materia
606 2305 910 2366 Rhetorice!
933 2326 1018 2365 res
1043 2327 1224 2366 omnes
1247 2328 1362 2387 quoe
1394 2311 1447 2369 εἰ
1478 2310 1553 2368 ad
1580 2291 1866 2370 dibendum

857 2385 1114 2466 subjectae
1154 2400 1327 2448 erunt.

306 2501 402 2613 Ε
425 2555 527 2600 co
581 2537 853 2623 (neque
894 2530 965 2600 id
1001 2532 1150 2601 sine
1185 2531 1582 2603 auctoribus
1612 2541 1641 2620 )
1677 2547 1895 2606 mate-

305 2623 478 2692 riam
527 2648 670 2692 esse
717 2622 1068 2693 rhetorices
1123 2623 1397 2709 judico,
1451 2651 1685 2696 omnes
1736 2651 1895 2712 reS‚

305 2735 726 2808 quaecunque
741 2715 802 2784 ei
825 2715 910 2784 ad
931 2715 1299 2786 dicendum
1323 2713 1641 2806 subjectae
1660 2731 1891 2802 erunt?

304 2813 480 2880 Nam
511 2813 820 2877 Socrates
855 2808 1036 2900 apud
1069 2807 1429 2878 Plato-nem
1463 2806 1690 2880 dicere
1716 2815 1897 2880 Gor-

307 2899 435 2992 giae
465 2897 739 2970 videtur
760 2952 778 2983 ‚
812 2926 940 2968 non
972 2903 1040 2967 in
1087 2926 1157 2970 ve
1194 2899 1297 2968 bis
1333 2925 1471 2971 esse
1497 2907 1842 2972 materiam
1866 2955 1889 2986 ‚

307 2993 516 3061 sedin
549 2991 761 3060 rebus.
792 2994 881 3059 Et
912 2990 984 3058 in
1009 2991 1169 3060 Phae
1223 3016 1301 3061 ro
1330 2991 1555 3080 palam
1581 3046 1601 3079 ‚
1634 3019 1775 3062 non
1812 2994 1889 3062 in

304 3081 584 3172 iudiciis
647 3079 850 3151 modo
913 3093 981 3150 et
1056 3082 1507 3154 concionibus
1544 3138 1563 3169 ‚
1622 3085 1742 3154 sed
1814 3084 1887 3154 in

242 3191 246 3198 ·
307 3171 514 3242 rebus
571 3173 776 3250 etiam
808 3172 1095 3266 privatis
1135 3199 1216 3247 ac
1270 3175 1662 3249 domesticis
1723 3173 1890 3248 the-

373 3325 479 3398 (¹)
506 3327 561 3395 ‚32
581 3326 648 3384 ὰ
673 3329 910 3402 Oratore,
925 3328 1026 3400 ‚⁵52
