<?xml version="1.0" encoding="UTF-8"?>
<!DOCTYPE html PUBLIC "-//W3C//DTD XHTML 1.0 Transitional//EN"
    "http://www.w3.org/TR/xhtml1/DTD/xhtml1-transitional.dtd">
<html xmlns="http://www.w3.org/1999/xhtml" xml:lang="en" lang="en">
 <head>
  <title>
</title>
<meta http-equiv="Content-Type" content="text/html;charset=utf-8" />
  <meta name='ocr-system' content='tesseract 3.04.00' />
  <meta name='ocr-capabilities' content='ocr_page ocr_carea ocr_par ocr_line ocrx_word'/>
</head>
<body>
  <div class='ocr_page' id='page_1' title='image "./mfabiiquintilia20quingoog_0100.png"; bbox 0 0 2175 3809; ppageno 0'>
   <div class='ocr_carea' id='block_1_1' title="bbox 402 262 1580 364">
    <p class='ocr_par' dir='ltr' id='par_1_1' title="bbox 402 262 1580 364">
     <span class='ocr_line' id='line_1_1' title="bbox 402 262 1580 364; baseline 0 0"><span class='ocrx_word' id='word_1_1' title='bbox 402 262 562 364; x_wconf 31' lang='lat'><strong>52⁶·</strong></span> <span class='ocrx_word' id='word_1_2' title='bbox 808 297 978 362; x_wconf 74' lang='lat' dir='ltr'><strong>Lu.</strong></span> <span class='ocrx_word' id='word_1_3' title='bbox 1027 298 1077 361; x_wconf 94' lang='lat' dir='ltr'><strong>I.</strong></span> <span class='ocrx_word' id='word_1_4' title='bbox 1127 295 1309 362; x_wconf 57' lang='lat' dir='ltr'><strong>Car.</strong></span> <span class='ocrx_word' id='word_1_5' title='bbox 1361 298 1580 364; x_wconf 84' lang='lat' dir='ltr'>VIII.</span> 
     </span>
    </p>
   </div>
   <div class='ocr_carea' id='block_1_2' title="bbox 392 382 2090 1027">
    <p class='ocr_par' dir='ltr' id='par_1_2' title="bbox 392 382 2090 1027">
     <span class='ocr_line' id='line_1_2' title="bbox 400 382 1984 480; baseline 0.003 -25"><span class='ocrx_word' id='word_1_6' title='bbox 400 395 620 467; x_wconf 78' lang='lat' dir='ltr'><strong>certe,</strong></span> <span class='ocrx_word' id='word_1_7' title='bbox 653 382 771 476; x_wconf 87' lang='lat' dir='ltr'><strong>qui</strong></span> <span class='ocrx_word' id='word_1_8' title='bbox 817 383 1117 454; x_wconf 84' lang='lat' dir='ltr'><strong>carmina</strong></span> <span class='ocrx_word' id='word_1_9' title='bbox 1163 383 1249 453; x_wconf 86' lang='lat' dir='ltr'><strong>ad</strong></span> <span class='ocrx_word' id='word_1_10' title='bbox 1293 383 1512 478; x_wconf 85' lang='lat' dir='ltr'><strong>lyram</strong></span> <span class='ocrx_word' id='word_1_11' title='bbox 1559 411 1984 480; x_wconf 87' lang='lat' dir='ltr'><strong>composue-</strong></span> 
     </span>
     <span class='ocr_line' id='line_1_3' title="bbox 392 475 1988 568; baseline 0.004 -22"><span class='ocrx_word' id='word_1_12' title='bbox 392 488 583 546; x_wconf 73' lang='lat' dir='ltr'><strong>runt.</strong></span> <span class='ocrx_word' id='word_1_13' title='bbox 616 481 780 544; x_wconf 89' lang='lat' dir='ltr'><strong>Haec</strong></span> <span class='ocrx_word' id='word_1_14' title='bbox 812 475 1074 568; x_wconf 81' lang='lat' dir='ltr'><strong>diutius</strong></span> <span class='ocrx_word' id='word_1_15' title='bbox 1111 476 1336 545; x_wconf 84' lang='lat' dir='ltr'><strong>foren‘t</strong></span> <span class='ocrx_word' id='word_1_16' title='bbox 1370 477 1700 564; x_wconf 87' lang='lat' dir='ltr'><strong>dicenda,</strong></span> <span class='ocrx_word' id='word_1_17' title='bbox 1752 481 1810 550; x_wconf 91' lang='lat' dir='ltr'><strong>si</strong></span> <span class='ocrx_word' id='word_1_18' title='bbox 1841 481 1988 552; x_wconf 86' lang='lat' dir='ltr'><strong>hoc</strong></span> 
     </span>
     <span class='ocr_line' id='line_1_4' title="bbox 398 567 1984 661; baseline 0.003 -23"><span class='ocrx_word' id='word_1_19' title='bbox 398 567 703 656; x_wconf 81' lang='lat' dir='ltr'><strong>studium</strong></span> <span class='ocrx_word' id='word_1_20' title='bbox 760 567 948 636; x_wconf 84' lang='lat' dir='ltr'><strong>velut</strong></span> <span class='ocrx_word' id='word_1_21' title='bbox 994 593 1247 638; x_wconf 85' lang='lat' dir='ltr'><strong>novum</strong></span> <span class='ocrx_word' id='word_1_22' title='bbox 1299 568 1761 661; x_wconf 71' lang='lat' dir='ltr'><strong>praeciipereni,</strong></span> <span class='ocrx_word' id='word_1_23' title='bbox 1805 577 1984 642; x_wconf 86' lang='lat' dir='ltr'><strong>Cum</strong></span> 
     </span>
     <span class='ocr_line' id='line_1_5' title="bbox 397 657 1984 756; baseline 0.001 -26"><span class='ocrx_word' id='word_1_24' title='bbox 397 665 560 730; x_wconf 81' lang='lat' dir='ltr'><strong>vero</strong></span> <span class='ocrx_word' id='word_1_25' title='bbox 618 657 757 728; x_wconf 80' lang='lat' dir='ltr'><strong>anti</strong></span> <span class='ocrx_word' id='word_1_26' title='bbox 816 659 997 727; x_wconf 78' lang='lat' dir='ltr'><strong>uitus</strong></span> <span class='ocrx_word' id='word_1_27' title='bbox 1054 683 1264 751; x_wconf 89' lang='lat' dir='ltr'><strong>usque</strong></span> <span class='ocrx_word' id='word_1_28' title='bbox 1323 685 1360 728; x_wconf 90' lang='lat' dir='ltr'><strong>a</strong></span> <span class='ocrx_word' id='word_1_29' title='bbox 1413 659 1716 732; x_wconf 83' lang='lat' dir='ltr'>Chirone</span> <span class='ocrx_word' id='word_1_30' title='bbox 1773 677 1984 756; x_wconf 84' lang='lat' dir='ltr'><strong>atque</strong></span> 
     </span>
     <span class='ocr_line' id='line_1_6' title="bbox 397 685 806 823; baseline -0.012 0"><span class='ocrx_word' id='word_1_31' title='bbox 397 747 667 823; x_wconf 85' lang='lat' dir='ltr'>Achille</span> <span class='ocrx_word' id='word_1_32' title='bbox 718 685 806 818; x_wconf 71' lang='lat' dir='ltr'><strong>ad</strong></span> 
     </span>
     <span class='ocr_line' id='line_1_7' title="bbox 394 839 2090 937; baseline 0.001 -25"><span class='ocrx_word' id='word_1_33' title='bbox 394 843 515 937; x_wconf 88' lang='lat' dir='ltr'><strong>qui</strong></span> <span class='ocrx_word' id='word_1_34' title='bbox 550 841 753 912; x_wconf 89' lang='lat' dir='ltr'><strong>modo</strong></span> <span class='ocrx_word' id='word_1_35' title='bbox 784 839 1158 934; x_wconf 70' lang='lat' dir='ltr'><strong>legitimam</strong></span> <span class='ocrx_word' id='word_1_36' title='bbox 1194 841 1635 934; x_wconf 84' lang='lat' dir='ltr'><strong>disciplinam</strong></span> <span class='ocrx_word' id='word_1_37' title='bbox 1664 845 1989 916; x_wconf 71' lang='lat' dir='ltr'><strong>non&#39;sint</strong></span> <span class='ocrx_word' id='word_1_38' title='bbox 2085 847 2090 856; x_wconf 85' lang='lat'>&#39;</span> 
     </span>
     <span class='ocr_line' id='line_1_8' title="bbox 397 932 1988 1027; baseline 0.001 -23"><span class='ocrx_word' id='word_1_39' title='bbox 397 935 676 1027; x_wconf 80' lang='lat' dir='ltr'><strong>perosi,</strong></span> <span class='ocrx_word' id='word_1_40' title='bbox 729 932 1118 1015; x_wconf 85' lang='lat' dir='ltr'><strong>duraverit,</strong></span> <span class='ocrx_word' id='word_1_41' title='bbox 1178 958 1320 1004; x_wconf 89' lang='lat' dir='ltr'><strong>non</strong></span> <span class='ocrx_word' id='word_1_42' title='bbox 1371 947 1472 1003; x_wconf 86' lang='lat' dir='ltr'><strong>est</strong></span> <span class='ocrx_word' id='word_1_43' title='bbox 1533 935 1988 1007; x_wconf 78' lang='lat' dir='ltr'><strong>committen-</strong></span> 
     </span>
    </p>
   </div>
   <div class='ocr_carea' id='block_1_3' title="bbox 850 753 2131 844">
    <p class='ocr_par' dir='ltr' id='par_1_3' title="bbox 850 753 2131 844">
     <span class='ocr_line' id='line_1_9' title="bbox 850 753 2131 844; baseline 0.003 -25"><span class='ocrx_word' id='word_1_44' title='bbox 850 764 1077 820; x_wconf 77' lang='lat' dir='ltr'><strong>nostra</strong></span> <span class='ocrx_word' id='word_1_45' title='bbox 1117 765 1426 842; x_wconf 82' lang='lat' dir='ltr'><strong>tempora</strong></span> <span class='ocrx_word' id='word_1_46' title='bbox 1476 753 1658 844; x_wconf 89' lang='lat' dir='ltr'><strong>apud</strong></span> <span class='ocrx_word' id='word_1_47' title='bbox 1701 779 1979 839; x_wconf 83' lang='lat' dir='ltr'><strong>omnes,</strong></span> <span class='ocrx_word' id='word_1_48' title='bbox 2081 755 2088 762; x_wconf 76' lang='grc'><strong>’</strong></span> <span class='ocrx_word' id='word_1_49' title='bbox 2129 753 2131 760; x_wconf 72' lang='grc'><strong>’</strong></span> 
     </span>
    </p>
   </div>
   <div class='ocr_carea' id='block_1_4' title="bbox 2129 593 2136 1098">
    <p class='ocr_par' dir='ltr' id='par_1_4' title="bbox 2129 593 2136 1098">
     <span class='ocr_line' id='line_1_10' title="bbox 2129 593 2136 1098; baseline 0 0"><span class='ocrx_word' id='word_1_50' title='bbox 2129 593 2136 1098; x_wconf 95' lang='lat' dir='ltr'><strong> </strong></span> 
     </span>
    </p>
   </div>
   <div class='ocr_carea' id='block_1_5' title="bbox 398 1025 2135 1123">
    <p class='ocr_par' dir='ltr' id='par_1_5' title="bbox 398 1025 2135 1123">
     <span class='ocr_line' id='line_1_11' title="bbox 398 1025 2135 1123; baseline 0.001 -26"><span class='ocrx_word' id='word_1_51' title='bbox 398 1026 560 1097; x_wconf 89' lang='lat' dir='ltr'><strong>dum</strong></span> <span class='ocrx_word' id='word_1_52' title='bbox 590 1079 612 1112; x_wconf 86' lang='lat'><em>‚</em></span> <span class='ocrx_word' id='word_1_53' title='bbox 654 1038 729 1096; x_wconf 81' lang='lat' dir='ltr'><strong>ut</strong></span> <span class='ocrx_word' id='word_1_54' title='bbox 786 1025 904 1094; x_wconf 89' lang='lat' dir='ltr'><strong>illa</strong></span> <span class='ocrx_word' id='word_1_55' title='bbox 954 1025 1166 1096; x_wconf 87' lang='lat' dir='ltr'><strong>dubia</strong></span> <span class='ocrx_word' id='word_1_56' title='bbox 1209 1025 1508 1122; x_wconf 73' lang='lat' dir='ltr'><strong>faciam,</strong></span> <span class='ocrx_word' id='word_1_57' title='bbox 1555 1026 1986 1123; x_wconf 73' lang='lat' dir='ltr'><strong>defensioriis</strong></span> <span class='ocrx_word' id='word_1_58' title='bbox 2077 1029 2085 1040; x_wconf 69' lang='lat'><strong>⁴</strong></span> <span class='ocrx_word' id='word_1_59' title='bbox 2133 1101 2135 1113; x_wconf 67' lang='grc'>,</span> 
     </span>
    </p>
   </div>
   <div class='ocr_carea' id='block_1_6' title="bbox 390 1116 1986 1592">
    <p class='ocr_par' dir='ltr' id='par_1_6' title="bbox 399 1116 1246 1200">
     <span class='ocr_line' id='line_1_12' title="bbox 399 1116 1246 1200; baseline -0.013 -10"><span class='ocrx_word' id='word_1_60' title='bbox 399 1116 889 1190; x_wconf 84' lang='lat' dir='ltr'><strong>sollicitudine.</strong></span> <span class='ocrx_word' id='word_1_61' title='bbox 1238 1193 1246 1200; x_wconf 89' lang='lat'>.</span> 
     </span>
    </p>

    <p class='ocr_par' dir='ltr' id='par_1_7' title="bbox 390 1207 1986 1592">
     <span class='ocr_line' id='line_1_13' title="bbox 460 1207 1986 1304; baseline 0.001 -26"><span class='ocrx_word' id='word_1_62' title='bbox 460 1207 811 1298; x_wconf 86' lang='lat' dir='ltr'><strong>&#39;Quamvis</strong></span> <span class='ocrx_word' id='word_1_63' title='bbox 842 1221 1069 1280; x_wconf 82' lang='lat' dir='ltr'><strong>autem</strong></span> <span class='ocrx_word' id='word_1_64' title='bbox 1100 1207 1261 1278; x_wconf 77' lang='lat' dir='ltr'><strong>satis</strong></span> <span class='ocrx_word' id='word_1_65' title='bbox 1295 1211 1430 1297; x_wconf 88' lang='lat' dir='ltr'><strong>jam</strong></span> <span class='ocrx_word' id='word_1_66' title='bbox 1461 1233 1542 1277; x_wconf 84' lang='lat' dir='ltr'><strong>ex</strong></span> <span class='ocrx_word' id='word_1_67' title='bbox 1573 1208 1738 1302; x_wconf 83' lang='lat' dir='ltr'><strong>ipsis</strong></span> <span class='ocrx_word' id='word_1_68' title='bbox 1758 1266 1780 1298; x_wconf 97' lang='lat'><strong><em>,</em></strong></span> <span class='ocrx_word' id='word_1_69' title='bbox 1809 1211 1986 1304; x_wconf 87' lang='lat' dir='ltr'><strong>qui-</strong></span> 
     </span>
     <span class='ocr_line' id='line_1_14' title="bbox 390 1299 1986 1392; baseline 0 -19"><span class='ocrx_word' id='word_1_70' title='bbox 390 1301 520 1373; x_wconf 83' lang='lat' dir='ltr'><strong>bus</strong></span> <span class='ocrx_word' id='word_1_71' title='bbox 571 1328 719 1370; x_wconf 88' lang='lat' dir='ltr'><strong>sum</strong></span> <span class='ocrx_word' id='word_1_72' title='bbox 768 1300 971 1372; x_wconf 85' lang='lat' dir='ltr'><strong>modo</strong></span> <span class='ocrx_word' id='word_1_73' title='bbox 1025 1327 1230 1385; x_wconf 88' lang='lat' dir='ltr'><strong>usus,</strong></span> <span class='ocrx_word' id='word_1_74' title='bbox 1287 1299 1648 1392; x_wconf 81' lang='lat' dir='ltr'><strong>exemplis,</strong></span> <span class='ocrx_word' id='word_1_75' title='bbox 1707 1303 1986 1374; x_wconf 86' lang='lat' dir='ltr'><strong>credam</strong></span> 
     </span>
     <span class='ocr_line' id='line_1_15' title="bbox 392 1391 1986 1488; baseline 0.001 -24"><span class='ocrx_word' id='word_1_76' title='bbox 392 1421 535 1474; x_wconf 83' lang='lat' dir='ltr'><strong>esse</strong></span> <span class='ocrx_word' id='word_1_77' title='bbox 570 1392 1049 1478; x_wconf 82' lang='lat' dir='ltr'><strong>manifestum,</strong></span> <span class='ocrx_word' id='word_1_78' title='bbox 1091 1419 1237 1484; x_wconf 86' lang='lat' dir='ltr'><strong>quae</strong></span> <span class='ocrx_word' id='word_1_79' title='bbox 1282 1391 1502 1474; x_wconf 82' lang='lat' dir='ltr'><strong>mihi,</strong></span> <span class='ocrx_word' id='word_1_80' title='bbox 1545 1405 1612 1462; x_wconf 83' lang='lat' dir='ltr'><strong>et</strong></span> <span class='ocrx_word' id='word_1_81' title='bbox 1643 1406 1986 1488; x_wconf 82' lang='lat' dir='ltr'><strong>quatenus</strong></span> 
     </span>
     <span class='ocr_line' id='line_1_16' title="bbox 393 1481 1986 1592; baseline 0.001 -38"><span class='ocrx_word' id='word_1_82' title='bbox 393 1485 649 1554; x_wconf 84' lang='lat' dir='ltr'><strong>musice</strong></span> <span class='ocrx_word' id='word_1_83' title='bbox 685 1484 985 1576; x_wconf 84' lang='lat' dir='ltr'><strong>placeat3</strong></span> <span class='ocrx_word' id='word_1_84' title='bbox 1034 1481 1338 1576; x_wconf 82' lang='lat' dir='ltr'><strong>apertius</strong></span> <span class='ocrx_word' id='word_1_85' title='bbox 1370 1495 1605 1554; x_wconf 83' lang='lat' dir='ltr'><strong>tamen</strong></span> <span class='ocrx_word' id='word_1_86' title='bbox 1645 1485 1986 1592; x_wconf 79' lang='lat' dir='ltr'><strong>profiten-</strong></span> 
     </span>
    </p>
   </div>
   <div class='ocr_carea' id='block_1_7' title="bbox 394 1573 2141 1708">
    <p class='ocr_par' dir='ltr' id='par_1_8' title="bbox 394 1573 2141 1708">
     <span class='ocr_line' id='line_1_17' title="bbox 394 1573 2076 1681; baseline 0.001 -35"><span class='ocrx_word' id='word_1_87' title='bbox 394 1575 559 1646; x_wconf 89' lang='lat' dir='ltr'><strong>dum</strong></span> <span class='ocrx_word' id='word_1_88' title='bbox 594 1587 761 1670; x_wconf 75' lang='lat' dir='ltr'><strong>puto</strong></span> <span class='ocrx_word' id='word_1_89' title='bbox 797 1627 816 1660; x_wconf 88' lang='lat'>‚</span> <span class='ocrx_word' id='word_1_90' title='bbox 848 1601 990 1643; x_wconf 83' lang='lat' dir='ltr'><strong>non</strong></span> <span class='ocrx_word' id='word_1_91' title='bbox 1023 1573 1203 1644; x_wconf 88' lang='lat' dir='ltr'><strong>hanc</strong></span> <span class='ocrx_word' id='word_1_92' title='bbox 1236 1600 1272 1642; x_wconf 90' lang='lat' dir='ltr'><strong>a</strong></span> <span class='ocrx_word' id='word_1_93' title='bbox 1314 1600 1419 1644; x_wconf 88' lang='lat' dir='ltr'><strong>me</strong></span> <span class='ocrx_word' id='word_1_94' title='bbox 1457 1599 1736 1669; x_wconf 76' lang='lat' dir='ltr'><strong>praecipi</strong></span> <span class='ocrx_word' id='word_1_95' title='bbox 1768 1630 1786 1661; x_wconf 86' lang='lat'>‚</span> <span class='ocrx_word' id='word_1_96' title='bbox 1831 1603 1985 1681; x_wconf 86' lang='lat' dir='ltr'><strong>quae</strong></span> <span class='ocrx_word' id='word_1_97' title='bbox 2069 1577 2076 1583; x_wconf 74' lang='grc'><em>’</em></span> 
     </span>
     <span class='ocr_line' id='line_1_18' title="bbox 1617 1665 2141 1708; baseline 0 -25"><span class='ocrx_word' id='word_1_98' title='bbox 1617 1669 1632 1683; x_wconf 92' lang='grc'><strong>.</strong></span> <span class='ocrx_word' id='word_1_99' title='bbox 1929 1669 1944 1683; x_wconf 93' lang='grc'><strong>.</strong></span> <span class='ocrx_word' id='word_1_100' title='bbox 2140 1665 2141 1708; x_wconf 26' lang='grc' dir='ltr'>ἢ</span> 
     </span>
    </p>
   </div>
   <div class='ocr_carea' id='block_1_8' title="bbox 366 1664 1988 3226">
    <p class='ocr_par' dir='ltr' id='par_1_9' title="bbox 366 1664 1988 3226">
     <span class='ocr_line' id='line_1_19' title="bbox 394 1664 1985 1760; baseline -0.001 -22"><span class='ocrx_word' id='word_1_101' title='bbox 394 1694 583 1738; x_wconf 85' lang='lat' dir='ltr'><strong>nunc</strong></span> <span class='ocrx_word' id='word_1_102' title='bbox 631 1667 703 1736; x_wconf 89' lang='lat' dir='ltr'><strong>in</strong></span> <span class='ocrx_word' id='word_1_103' title='bbox 744 1666 965 1736; x_wconf 85' lang='lat' dir='ltr'><strong>scenis</strong></span> <span class='ocrx_word' id='word_1_104' title='bbox 1008 1664 1396 1738; x_wconf 86' lang='lat' dir='ltr'><strong>effeminata</strong></span> <span class='ocrx_word' id='word_1_105' title='bbox 1425 1719 1443 1750; x_wconf 82' lang='grc'><em>,</em></span> <span class='ocrx_word' id='word_1_106' title='bbox 1485 1677 1556 1735; x_wconf 85' lang='lat' dir='ltr'><strong>et</strong></span> <span class='ocrx_word' id='word_1_107' title='bbox 1613 1667 1985 1760; x_wconf 77' lang='lat' dir='ltr'><strong>impudicis</strong></span> 
     </span>
     <span class='ocr_line' id='line_1_20' title="bbox 390 1759 1982 1849; baseline -0.001 -19"><span class='ocrx_word' id='word_1_108' title='bbox 390 1761 606 1832; x_wconf 83' lang='lat' dir='ltr'><strong>modis</strong></span> <span class='ocrx_word' id='word_1_109' title='bbox 658 1759 906 1843; x_wconf 78' lang='lat' dir='ltr'><strong>fracta,</strong></span> <span class='ocrx_word' id='word_1_110' title='bbox 938 1783 1094 1838; x_wconf 67' lang='lat' dir='ltr'><strong>⁴nou</strong></span> <span class='ocrx_word' id='word_1_111' title='bbox 1151 1783 1229 1826; x_wconf 84' lang='lat' dir='ltr'><strong>ex</strong></span> <span class='ocrx_word' id='word_1_112' title='bbox 1275 1769 1465 1849; x_wconf 83' lang='lat' dir='ltr'><strong>parte</strong></span> <span class='ocrx_word' id='word_1_113' title='bbox 1537 1759 1820 1830; x_wconf 88' lang='lat' dir='ltr'><strong>minima</strong></span> <span class='ocrx_word' id='word_1_114' title='bbox 1851 1813 1870 1844; x_wconf 86' lang='lat'>,</span> <span class='ocrx_word' id='word_1_115' title='bbox 1923 1761 1982 1828; x_wconf 89' lang='lat' dir='ltr'><strong>si</strong></span> 
     </span>
     <span class='ocr_line' id='line_1_21' title="bbox 392 1847 1988 1946; baseline -0.001 -24"><span class='ocrx_word' id='word_1_116' title='bbox 392 1852 559 1946; x_wconf 86' lang='lat' dir='ltr'><strong>quid</strong></span> <span class='ocrx_word' id='word_1_117' title='bbox 592 1851 684 1930; x_wconf 63' lang='lat' dir='ltr'><strong>,in</strong></span> <span class='ocrx_word' id='word_1_118' title='bbox 740 1851 941 1921; x_wconf 83' lang='lat' dir='ltr'><strong>nobis</strong></span> <span class='ocrx_word' id='word_1_119' title='bbox 1006 1848 1225 1919; x_wconf 84' lang='lat' dir='ltr'><strong>virilis</strong></span> <span class='ocrx_word' id='word_1_120' title='bbox 1269 1847 1534 1920; x_wconf 83' lang='lat' dir='ltr'><strong>roboris</strong></span> <span class='ocrx_word' id='word_1_121' title='bbox 1606 1849 1930 1921; x_wconf 83' lang='lat' dir='ltr'><strong>manebat</strong></span> <span class='ocrx_word' id='word_1_122' title='bbox 1967 1903 1988 1936; x_wconf 90' lang='lat'>,</span> 
     </span>
     <span class='ocr_line' id='line_1_22' title="bbox 366 1939 1984 2037; baseline -0.001 -23"><span class='ocrx_word' id='word_1_123' title='bbox 366 1943 644 2015; x_wconf 64' lang='lat' dir='ltr'><strong>‘excidit</strong></span> <span class='ocrx_word' id='word_1_124' title='bbox 675 1973 690 2012; x_wconf 70' lang='grc' dir='ltr'><em>ε</em></span> <span class='ocrx_word' id='word_1_125' title='bbox 728 1943 846 2018; x_wconf 89' lang='lat' dir='ltr'><strong>sed</strong></span> <span class='ocrx_word' id='word_1_126' title='bbox 878 1969 1007 2037; x_wconf 89' lang='lat' dir='ltr'><strong>qua</strong></span> <span class='ocrx_word' id='word_1_127' title='bbox 1046 1939 1280 2012; x_wconf 88' lang='lat' dir='ltr'><strong>laudes</strong></span> <span class='ocrx_word' id='word_1_128' title='bbox 1315 1941 1597 2011; x_wconf 81' lang='lat' dir='ltr'><strong>fortium</strong></span> <span class='ocrx_word' id='word_1_129' title='bbox 1638 1941 1984 2012; x_wconf 87' lang='lat' dir='ltr'><strong>caneban-</strong></span> 
     </span>
     <span class='ocr_line' id='line_1_23' title="bbox 390 2031 1984 2129; baseline -0.001 -24"><span class='ocrx_word' id='word_1_130' title='bbox 390 2050 505 2106; x_wconf 79' lang='lat' dir='ltr'><strong>tur</strong></span> <span class='ocrx_word' id='word_1_131' title='bbox 530 2090 549 2121; x_wconf 81' lang='lat'>‚</span> <span class='ocrx_word' id='word_1_132' title='bbox 586 2061 852 2129; x_wconf 85' lang='lat' dir='ltr'><strong>quaque</strong></span> <span class='ocrx_word' id='word_1_133' title='bbox 889 2047 954 2104; x_wconf 79' lang='lat' dir='ltr'><strong>et</strong></span> <span class='ocrx_word' id='word_1_134' title='bbox 988 2033 1116 2124; x_wconf 83' lang='lat' dir='ltr'><strong>ipsi</strong></span> <span class='ocrx_word' id='word_1_135' title='bbox 1163 2033 1371 2102; x_wconf 85' lang='lat' dir='ltr'><strong>sortes</strong></span> <span class='ocrx_word' id='word_1_136' title='bbox 1404 2031 1747 2105; x_wconf 83' lang='lat' dir='ltr'><strong>canebant</strong></span> <span class='ocrx_word' id='word_1_137' title='bbox 1779 2059 1800 2118; x_wconf 80' lang='lat'>3</span> <span class='ocrx_word' id='word_1_138' title='bbox 1851 2059 1984 2104; x_wconf 86' lang='lat' dir='ltr'><strong>nec</strong></span> 
     </span>
     <span class='ocr_line' id='line_1_24' title="bbox 398 2123 1980 2218; baseline -0.002 -21"><span class='ocrx_word' id='word_1_139' title='bbox 398 2135 499 2213; x_wconf 87' lang='lat'><strong>(1)</strong></span> <span class='ocrx_word' id='word_1_140' title='bbox 527 2127 848 2218; x_wconf 74' lang='lat' dir='ltr'><strong>psalteria</strong></span> <span class='ocrx_word' id='word_1_141' title='bbox 880 2137 947 2194; x_wconf 83' lang='lat' dir='ltr'><strong>et</strong></span> <span class='ocrx_word' id='word_1_142' title='bbox 970 2125 1310 2216; x_wconf 80' lang='lat' dir='ltr'><strong>spadices,</strong></span> <span class='ocrx_word' id='word_1_143' title='bbox 1339 2123 1544 2194; x_wconf 82' lang='lat' dir='ltr'><strong>etiam</strong></span> <span class='ocrx_word' id='word_1_144' title='bbox 1581 2124 1980 2218; x_wconf 81' lang='lat' dir='ltr'><strong>virginibus</strong></span> 
     </span>
     <span class='ocr_line' id='line_1_25' title="bbox 389 2214 1985 2311; baseline 0 -25"><span class='ocrx_word' id='word_1_145' title='bbox 389 2218 624 2311; x_wconf 83' lang='lat' dir='ltr'><strong>probis</strong></span> <span class='ocrx_word' id='word_1_146' title='bbox 657 2215 1029 2286; x_wconf 85' lang='lat' dir='ltr'><strong>recusanda</strong></span> <span class='ocrx_word' id='word_1_147' title='bbox 1059 2242 1074 2282; x_wconf 73' lang='grc' dir='ltr'>ε</span> <span class='ocrx_word' id='word_1_148' title='bbox 1113 2214 1229 2284; x_wconf 89' lang='lat' dir='ltr'><strong>sed</strong></span> <span class='ocrx_word' id='word_1_149' title='bbox 1269 2215 1738 2310; x_wconf 77' lang='lat' dir='ltr'><strong>cognitionem</strong></span> <span class='ocrx_word' id='word_1_150' title='bbox 1771 2217 1985 2286; x_wconf 85' lang='lat' dir='ltr'><strong>ratio-</strong></span> 
     </span>
     <span class='ocr_line' id='line_1_26' title="bbox 390 2306 1981 2402; baseline -0.002 -23"><span class='ocrx_word' id='word_1_151' title='bbox 390 2310 535 2394; x_wconf 78' lang='lat' dir='ltr'><strong>ni&#39;S‚</strong></span> <span class='ocrx_word' id='word_1_152' title='bbox 584 2335 728 2402; x_wconf 84' lang='lat' dir='ltr'><strong>quae</strong></span> <span class='ocrx_word' id='word_1_153' title='bbox 780 2307 865 2378; x_wconf 90' lang='lat' dir='ltr'><strong>ad</strong></span> <span class='ocrx_word' id='word_1_154' title='bbox 914 2306 1286 2383; x_wconf 81' lang='lat' dir='ltr'><strong>movendos</strong></span> <span class='ocrx_word' id='word_1_155' title='bbox 1329 2307 1825 2398; x_wconf 82' lang='lat' dir='ltr'><strong>leniendosque</strong></span> <span class='ocrx_word' id='word_1_156' title='bbox 1878 2307 1981 2376; x_wconf 89' lang='lat' dir='ltr'><strong>af·-</strong></span> 
     </span>
     <span class='ocr_line' id='line_1_27' title="bbox 386 2398 1982 2504; baseline -0.001 -34"><span class='ocrx_word' id='word_1_157' title='bbox 386 2401 606 2471; x_wconf 81' lang='lat' dir='ltr'><strong>fectus</strong></span> <span class='ocrx_word' id='word_1_158' title='bbox 641 2399 1012 2492; x_wconf 86' lang='lat' dir='ltr'><strong>plurimum</strong></span> <span class='ocrx_word' id='word_1_159' title='bbox 1060 2399 1262 2492; x_wconf 57' lang='lat' dir='ltr'><strong>valet.</strong></span> <span class='ocrx_word' id='word_1_160' title='bbox 1313 2406 1488 2469; x_wconf 90' lang='lat' dir='ltr'><strong>Nam</strong></span> <span class='ocrx_word' id='word_1_161' title='bbox 1523 2411 1592 2468; x_wconf 86' lang='lat' dir='ltr'><strong>et</strong></span> <span class='ocrx_word' id='word_1_162' title='bbox 1627 2398 1982 2504; x_wconf 72' lang='lat' dir='ltr'><strong>Pythago·</strong></span> 
     </span>
     <span class='ocr_line' id='line_1_28' title="bbox 387 2488 1982 2584; baseline -0.001 -22"><span class='ocrx_word' id='word_1_163' title='bbox 387 2517 530 2562; x_wconf 86' lang='lat' dir='ltr'><strong>ram</strong></span> <span class='ocrx_word' id='word_1_164' title='bbox 568 2491 949 2581; x_wconf 80' lang='lat' dir='ltr'><strong>accepimus</strong></span> <span class='ocrx_word' id='word_1_165' title='bbox 969 2545 985 2574; x_wconf 85' lang='lat'><strong>,</strong></span> <span class='ocrx_word' id='word_1_166' title='bbox 1016 2490 1392 2564; x_wconf 76' lang='lat' dir='ltr'><strong>concitatos</strong></span> <span class='ocrx_word' id='word_1_167' title='bbox 1429 2490 1515 2560; x_wconf 85' lang='lat' dir='ltr'><strong>ad</strong></span> <span class='ocrx_word' id='word_1_168' title='bbox 1540 2490 1679 2562; x_wconf 84' lang='lat' dir='ltr'><strong>vim</strong></span> <span class='ocrx_word' id='word_1_169' title='bbox 1709 2488 1982 2584; x_wconf 74' lang='lat' dir='ltr'><strong>pudicae</strong></span> 
     </span>
     <span class='ocr_line' id='line_1_29' title="bbox 388 2583 1980 2671; baseline -0.001 -18"><span class='ocrx_word' id='word_1_170' title='bbox 388 2583 622 2653; x_wconf 91' lang='lat' dir='ltr'><strong>domui</strong></span> <span class='ocrx_word' id='word_1_171' title='bbox 666 2583 1081 2653; x_wconf 85' lang='lat' dir='ltr'><strong>afferendam</strong></span> <span class='ocrx_word' id='word_1_172' title='bbox 1125 2587 1447 2670; x_wconf 83' lang='lat' dir='ltr'><strong>juvenes,</strong></span> <span class='ocrx_word' id='word_1_173' title='bbox 1486 2586 1670 2671; x_wconf 85' lang='lat' dir='ltr'><strong>jussa</strong></span> <span class='ocrx_word' id='word_1_174' title='bbox 1708 2594 1980 2652; x_wconf 84' lang='lat' dir='ltr'><strong>mutare</strong></span> 
     </span>
     <span class='ocr_line' id='line_1_30' title="bbox 387 2673 1980 2767; baseline -0.002 -23"><span class='ocrx_word' id='word_1_175' title='bbox 387 2675 458 2744; x_wconf 89' lang='lat' dir='ltr'><strong>in</strong></span> <span class='ocrx_word' id='word_1_176' title='bbox 480 2675 850 2766; x_wconf 82' lang='lat' dir='ltr'><strong>Spondeum</strong></span> <span class='ocrx_word' id='word_1_177' title='bbox 876 2675 1110 2746; x_wconf 83' lang='lat' dir='ltr'><strong>modos</strong></span> <span class='ocrx_word' id='word_1_178' title='bbox 1129 2673 1413 2745; x_wconf 70' lang='lat' dir='ltr'><strong>tibicina</strong></span> <span class='ocrx_word' id='word_1_179' title='bbox 1430 2727 1446 2756; x_wconf 83' lang='grc'><strong>.</strong></span> <span class='ocrx_word' id='word_1_180' title='bbox 1464 2675 1934 2767; x_wconf 87' lang='lat' dir='ltr'><strong>composuisse</strong></span> <span class='ocrx_word' id='word_1_181' title='bbox 1955 2697 1980 2758; x_wconf 90' lang='lat'>;</span> 
     </span>
     <span class='ocr_line' id='line_1_31' title="bbox 386 2764 1983 2860; baseline -0.001 -24"><span class='ocrx_word' id='word_1_182' title='bbox 386 2779 453 2836; x_wconf 77' lang='lat' dir='ltr'><strong>et</strong></span> <span class='ocrx_word' id='word_1_183' title='bbox 486 2767 907 2860; x_wconf 81' lang='lat' dir='ltr'><strong>Chrysippus</strong></span> <span class='ocrx_word' id='word_1_184' title='bbox 941 2766 1146 2836; x_wconf 82' lang='lat' dir='ltr'><strong>etiam</strong></span> <span class='ocrx_word' id='word_1_185' title='bbox 1180 2765 1525 2835; x_wconf 70' lang='lat' dir='ltr'><strong>nutricum</strong></span> <span class='ocrx_word' id='word_1_186' title='bbox 1547 2819 1565 2848; x_wconf 84' lang='lat'>‚</span> <span class='ocrx_word' id='word_1_187' title='bbox 1592 2792 1746 2860; x_wconf 87' lang='lat' dir='ltr'><strong>quae</strong></span> <span class='ocrx_word' id='word_1_188' title='bbox 1774 2764 1983 2836; x_wconf 89' lang='lat' dir='ltr'><strong>adhi-</strong></span> 
     </span>
     <span class='ocr_line' id='line_1_32' title="bbox 383 2856 1982 2948; baseline 0 -20"><span class='ocrx_word' id='word_1_189' title='bbox 383 2857 1109 2948; x_wconf 29' lang='lat' dir='ltr'><strong>bentur-infantibus,</strong></span> <span class='ocrx_word' id='word_1_190' title='bbox 1170 2865 1270 2943; x_wconf 89' lang='lat'><strong>(2)</strong></span> <span class='ocrx_word' id='word_1_191' title='bbox 1302 2856 1738 2946; x_wconf 76' lang='lat' dir='ltr'><strong>allectationi</strong></span> <span class='ocrx_word' id='word_1_192' title='bbox 1773 2881 1982 2928; x_wconf 86' lang='lat' dir='ltr'><strong>suum</strong></span> 
     </span>
     <span class='ocr_line' id='line_1_33' title="bbox 381 2949 1979 3044; baseline -0.003 -24"><span class='ocrx_word' id='word_1_193' title='bbox 381 2950 723 3044; x_wconf 84' lang='lat' dir='ltr'><strong>quoddam</strong></span> <span class='ocrx_word' id='word_1_194' title='bbox 759 2975 1029 3019; x_wconf 86' lang='lat' dir='ltr'><strong>carmen</strong></span> <span class='ocrx_word' id='word_1_195' title='bbox 1067 2949 1388 3041; x_wconf 83' lang='lat' dir='ltr'><strong>assignat.</strong></span> <span class='ocrx_word' id='word_1_196' title='bbox 1422 2952 1542 3018; x_wconf 81' lang='lat' dir='ltr'><strong>Est</strong></span> <span class='ocrx_word' id='word_1_197' title='bbox 1574 2951 1797 3020; x_wconf 85' lang='lat' dir='ltr'><strong>etiam</strong></span> <span class='ocrx_word' id='word_1_198' title='bbox 1831 2973 1979 3017; x_wconf 87' lang='lat' dir='ltr'><strong>non</strong></span> 
     </span>
     <span class='ocr_line' id='line_1_34' title="bbox 377 3039 1980 3124; baseline -0.002 -14"><span class='ocrx_word' id='word_1_199' title='bbox 377 3041 726 3112; x_wconf 82' lang='lat' dir='ltr'><strong>inerudite</strong></span> <span class='ocrx_word' id='word_1_200' title='bbox 758 3039 845 3110; x_wconf 87' lang='lat' dir='ltr'><strong>ad</strong></span> <span class='ocrx_word' id='word_1_201' title='bbox 878 3039 1400 3124; x_wconf 74' lang='lat' dir='ltr'><strong>declamandum</strong></span> <span class='ocrx_word' id='word_1_202' title='bbox 1433 3039 1930 3111; x_wconf 62' lang='lat' dir='ltr'><strong>ficta‘materia</strong></span> <span class='ocrx_word' id='word_1_203' title='bbox 1955 3092 1980 3120; x_wconf 79' lang='lat'>‚</span> 
     </span>
     <span class='ocr_line' id='line_1_35' title="bbox 381 3130 1980 3226; baseline -0.001 -24"><span class='ocrx_word' id='word_1_204' title='bbox 381 3133 453 3202; x_wconf 85' lang='lat' dir='ltr'><strong>in</strong></span> <span class='ocrx_word' id='word_1_205' title='bbox 484 3160 615 3226; x_wconf 89' lang='lat' dir='ltr'><strong>qua</strong></span> <span class='ocrx_word' id='word_1_206' title='bbox 647 3139 745 3219; x_wconf 83' lang='lat'><strong>(3)</strong></span> <span class='ocrx_word' id='word_1_207' title='bbox 767 3133 1053 3225; x_wconf 80' lang='lat' dir='ltr'><strong>ponitur</strong></span> <span class='ocrx_word' id='word_1_208' title='bbox 1078 3132 1360 3222; x_wconf 74' lang='lat' dir='ltr'><strong>tibicen,</strong></span> <span class='ocrx_word' id='word_1_209' title='bbox 1395 3132 1511 3226; x_wconf 86' lang='lat' dir='ltr'><strong>qui</strong></span> <span class='ocrx_word' id='word_1_210' title='bbox 1547 3130 1980 3214; x_wconf 80' lang='lat' dir='ltr'><strong>sacrificanti</strong></span> 
     </span>
    </p>
   </div>
   <div class='ocr_carea' id='block_1_9' title="bbox 380 3239 1975 3517">
    <p class='ocr_par' dir='ltr' id='par_1_10' title="bbox 380 3239 1975 3438">
     <span class='ocr_line' id='line_1_36' title="bbox 478 3239 1950 3315; baseline -0.001 -27"><span class='ocrx_word' id='word_1_211' title='bbox 478 3239 527 3306; x_wconf 87' lang='grc' dir='ltr'><strong>ι)</strong></span> <span class='ocrx_word' id='word_1_212' title='bbox 558 3241 885 3290; x_wconf 78' lang='lat' dir='ltr'><strong>Instrumenta</strong></span> <span class='ocrx_word' id='word_1_213' title='bbox 903 3240 1091 3290; x_wconf 82' lang='lat' dir='ltr'><strong>musica</strong></span> <span class='ocrx_word' id='word_1_214' title='bbox 1108 3279 1122 3302; x_wconf 89' lang='lat'><strong>‚</strong></span> <span class='ocrx_word' id='word_1_215' title='bbox 1140 3239 1204 3290; x_wconf 79' lang='lat' dir='ltr'><strong>ad</strong></span> <span class='ocrx_word' id='word_1_216' title='bbox 1224 3239 1487 3290; x_wconf 84' lang='lat' dir='ltr'><strong>mollitiem</strong></span> <span class='ocrx_word' id='word_1_217' title='bbox 1507 3253 1554 3290; x_wconf 81' lang='lat' dir='ltr'><strong>et</strong></span> <span class='ocrx_word' id='word_1_218' title='bbox 1569 3241 1818 3291; x_wconf 78' lang='lat' dir='ltr'><strong>luxuriam</strong></span> <span class='ocrx_word' id='word_1_219' title='bbox 1833 3249 1950 3315; x_wconf 78' lang='lat' dir='ltr'><strong>apta</strong></span> 
     </span>
     <span class='ocr_line' id='line_1_37' title="bbox 380 3303 1975 3374; baseline 0.003 -20"><span class='ocrx_word' id='word_1_220' title='bbox 380 3307 389 3335; x_wconf 70' lang='lat'>³</span> <span class='ocrx_word' id='word_1_221' title='bbox 494 3303 562 3370; x_wconf 71' lang='grc' dir='ltr'><strong>α)</strong></span> <span class='ocrx_word' id='word_1_222' title='bbox 592 3305 895 3368; x_wconf 52' lang='lat' dir='ltr'><strong>Allectano„</strong></span> <span class='ocrx_word' id='word_1_223' title='bbox 932 3319 1002 3356; x_wconf 77' lang='lat' dir='ltr'><strong>cst</strong></span> <span class='ocrx_word' id='word_1_224' title='bbox 1041 3306 1289 3356; x_wconf 81' lang='lat' dir='ltr'><strong>cantionis</strong></span> <span class='ocrx_word' id='word_1_225' title='bbox 1322 3306 1550 3356; x_wconf 78' lang='lat' dir='ltr'><strong>illecebra</strong></span> <span class='ocrx_word' id='word_1_226' title='bbox 1564 3345 1580 3374; x_wconf 86' lang='lat'><strong>,</strong></span> <span class='ocrx_word' id='word_1_227' title='bbox 1617 3323 1716 3374; x_wconf 76' lang='lat' dir='ltr'><strong>qua</strong></span> <span class='ocrx_word' id='word_1_228' title='bbox 1741 3317 1975 3359; x_wconf 68' lang='lat' dir='ltr'><strong>nuti-aces</strong></span> 
     </span>
     <span class='ocr_line' id='line_1_38' title="bbox 380 3367 1958 3438; baseline 0.006 -23"><span class='ocrx_word' id='word_1_229' title='bbox 380 3386 609 3436; x_wconf 78' lang='lat' dir='ltr'><strong>soporem</strong></span> <span class='ocrx_word' id='word_1_230' title='bbox 629 3370 851 3421; x_wconf 70' lang='lat' dir='ltr'><strong>alliciunt</strong></span> <span class='ocrx_word' id='word_1_231' title='bbox 875 3373 1060 3438; x_wconf 84' lang='lat' dir='ltr'><strong>puetis.</strong></span> <span class='ocrx_word' id='word_1_232' title='bbox 1135 3417 1140 3422; x_wconf 88' lang='lat'><em>.</em></span> <span class='ocrx_word' id='word_1_233' title='bbox 1489 3367 1500 3380; x_wconf 67' lang='lat'><em>⁶</em></span> <span class='ocrx_word' id='word_1_234' title='bbox 1758 3418 1764 3424; x_wconf 88' lang='lat'>.</span> <span class='ocrx_word' id='word_1_235' title='bbox 1955 3373 1958 3376; x_wconf 39' lang='lat'><strong>⁴</strong></span> 
     </span>
    </p>

    <p class='ocr_par' dir='ltr' id='par_1_11' title="bbox 454 3433 1798 3517">
     <span class='ocr_line' id='line_1_39' title="bbox 454 3433 1798 3517; baseline -0.002 -26"><span class='ocrx_word' id='word_1_236' title='bbox 454 3433 555 3517; x_wconf 71' lang='lat'><strong>(3)</strong></span> <span class='ocrx_word' id='word_1_237' title='bbox 587 3433 793 3500; x_wconf 53' lang='lat' dir='ltr'><strong>Pogitutr</strong></span> <span class='ocrx_word' id='word_1_238' title='bbox 812 3436 921 3489; x_wconf 85' lang='lat' dir='ltr'><strong>loco</strong></span> <span class='ocrx_word' id='word_1_239' title='bbox 946 3437 1193 3492; x_wconf 75' lang='lat' dir='ltr'><strong>thematis.</strong></span> <span class='ocrx_word' id='word_1_240' title='bbox 1217 3435 1377 3501; x_wconf 67' lang='lat' dir='ltr'><strong>Aldus</strong></span> <span class='ocrx_word' id='word_1_241' title='bbox 1397 3435 1519 3506; x_wconf 76' lang='lat' dir='ltr'><strong>legit</strong></span> <span class='ocrx_word' id='word_1_242' title='bbox 1536 3436 1798 3493; x_wconf 69' lang='lat' dir='ltr'><strong>tibicinem.</strong></span> 
     </span>
    </p>
   </div>
  </div>
 </body>
</html>
