2175 3809
380 236 472 300 32
839 235 1021 300 Lus.
1066 235 1120 298 1.
1169 235 1360 300 cu.
1421 233 1553 299 lv.

284 378 289 386 .
373 345 643 390 recessu
672 372 689 403 ‚
736 345 939 413 quam
988 322 1212 391 fronte
1264 321 1624 412 promittit.
1657 325 1834 390 Nam
1881 332 1960 388 et

376 409 719 480 scribendi
764 412 940 480 rat'io
989 416 1356 500 conjuncta
1403 410 1556 480 cum
1602 410 1956 503 loquendo

372 513 520 586 est,
562 514 629 571 et
676 502 1178 571 enarrationem
1205 501 1551 594 -praecedit
1591 501 1958 571 emendata

370 591 581 662 lectio
598 646 615 678 ‚
642 605 709 662 et
730 593 1011 661 mixtum
1030 591 1136 662 his
1156 593 1474 664 omnibus
1498 600 1596 678 (ι)
1618 591 1957 682 judicium

370 695 481 752 est·
496 709 681 774 &quo
703 683 979 787 quidem
1006 683 1102 752 ita
1128 709 1356 753 severe
1371 696 1542 764 ,sunt
1568 684 1669 752 usi
1689 695 1960 754 veteres
2027 729 2038 735 «

373 773 835 865 grammatici,
874 787 950 842 ut
976 793 1374 845 non'versus
1409 774 1611 844 modo
1641 773 1956 844 censoria

372 864 665 957 quadam
694 865 957 970 virgula
980 877 1218 935 notare
1239 919 1256 950 ,
1279 878 1345 934 et
1365 865 1576 935 libros
1596 918 1615 950 ‚-
1635 865 1752 957 qui
1781 864 1976 932 falso

372 954 781 1024 viderentur
812 957 1124 1047 inscripti
1154 1009 1170 1039 ,
1205 969 1528 1061 tanquam
1559 954 1962 1025 subdititios

379 1071 801 1116 summovere
848 1047 1108 1116 familia
1145 1048 1574 1138 permiserint
1619 1045 1800 1130 sibi3
1835 1045 1960 1114 sed

376 1149 689 1206 auctores
732 1136 902 1206 alios
928 1144 1027 1222 (2)
1060 1138 1132 1206 in
1175 1137 1486 1206 ordinem
1527 1136 1962 1229 redegerint,

374 1227 547 1298 alios
572 1227 856 1297 omnino
883 1229 1264 1299 'exemerint
1295 1247 1603 1318 numen).
1887 1233 1894 1240 ’

469 1325 613 1389 Nec
645 1329 881 1412 poetas
911 1320 1154 1412 legisse
1190 1320 1352 1388 satis
1387 1331 1486 1388 est
1527 1346 1542 1388 ε
1595 1317 1970 1388 excutien-

376 1409 541 1478 dum
569 1435 769 1478 omne
796 1410 1204 1501 scriptorum
1231 1435 1444 1500 genus
1465 1463 1483 1494 ‚
1512 1435 1653 1478 non
1679 1422 1962 1500 propter

377 1499 699 1569 historias
732 1499 966 1581 m0d0,
1000 1500 1120 1568 sed
1153 1499 1358 1567 verba
1383 1526 1530 1591 quae
1561 1501 1966 1591 frequenter

376 1594 486 1680 jus
516 1589 603 1658 ab
634 1589 1031 1659 auctoribus
1062 1602 1362 1658 sumunt.
1411 1597 1594 1658 Tum
1626 1615 1754 1658 nec
1787 1589 1966 1658 'citra

380 1680 687 1751 musice-n
722 1680 1160 1773 grammatice
1186 1693 1409 1772 potest
1439 1705 1580 1750 esse
1663 1681 1918 1748 erfecta
1945 1733 1964 1764 ‚

382 1797 539 1840 cum
580 1771 644 1840 ei
682 1770 767 1840 de
811 1771 1044 1842 metris
1085 1770 1554 1865 rhythmisque
1590 1707 1976 1840 Jicendum·

384 1861 494 1931 sit.
546 1869 731 1947 Nec,
793 1861 847 1930 si
910 1862 1250 1940 rationem·
1293 1861 1589 1931 siderum
1639 1860 1913 1953 ignoret
1946 1915 1969 1944 ‚

382 1962 613 2045 poe'tas
656 1953 1041 2046 intelligat,
1089 1954 1216 2046 qui
1272 1960 1402 2036 (ut
1455 1952 1586 2022 alia
1643 1951 1962 2035 mittam)

384 2044 589 2113 toties
624 2057 779 2112 ortu
814 2068 1194 2135 occasuque
1241 2045 1592 2134 signorum
1621 2043 1708 2123 ,in
1737 2041 1970 2110 decla-

385 2134 621 2206 randis
678 2132 1103 2224 temporibus
1159 2144 1470 2202 utuntur.
1524 2141 1668 2203 Ne‘c
1725 2132 1971 2223 ignara

380 2219 833 2318 philosophiae
868 2275 889 2307 ‚
950 2248 1106 2292 cum
1168 2237 1448 2316 propter
1509 2222 1844 2317 plurimos
1893 2222 1982 2292 in-

386 2314 705 2384 omnibus
750 2314 890 2384 fere
937 2314 1355 2384 carminibus
1391 2315 1575 2384 locos
1609 2340 1688 2383 ex
1721 2314 1970 2382 intima

384 2405 837 2511 quaestionum
872 2406 1290 2476 naturalium
1338 2405 1729 2476 subtilitate
1754 2429 1972 2496 repe-

380 2509 555 2566 titos
580 2549 599 2578 ‚
654 2509 795 2565 tum
853 2496 960 2566 vel
1014 2510 1294 2588 propter
1351 2495 1835 2589 Empedoclem
1892 2495 1974 2566 in

388 2585 640 2656 Graecis
670 2639 689 2669 ‚
736 2594 1117 2656 Varronem
1159 2613 1239 2656 ac
1290 2587 1688 2656 Lucretium
1725 2586 1798 2655 in
1835 2593 1974 2656 La-

388 2677 593 2760 tinis,
620 2676 736 2770 qui
767 2691 1099 2771 praecepta
1124 2677 1472 2770 sapientiae
1498 2678 1805 2747 versibus
1832 2690 1975 2746 tra-

388 2767 739 2840 diderunt.
781 2769 1192 2862 Eloquentia
1227 2794 1498 2862 quoque
1532 2794 1673 2838 non
1711 2769 1978 2838 medio-

392 2861 493 2934 cri
548 2873 649 2930 est
704 2885 917 2951 opus,
967 2873 1045 2929 ut
1096 2859 1180 2929 de
1233 2885 1642 2954 unaquaque
1695 2885 1977 2946 earum,

282 2953 303 2964 χ
398 2978 567 3047 quas
616 2951 1273 3034 demonstravimus,
1326 2978 1551 3022 rerum
1600 2951 1784 3022 dicat
1816 2977 1980 3043 pro-

490 3095 509 3126 1
537 3075 559 3144 )
587 3077 729 3127 Ratio
750 3071 1091 3139 dijudicandi,
1114 3074 1449 3126 discernendi.

448 3076 547 3208 52)
582 3143 646 3190 In
670 3141 889 3190 ordinem
916 3139 1190 3206 redegerint
1203 3159 1221 3191 .·
1234 3142 1364 3192 inter
1385 3143 1607 3208 vulgares
1627 3153 1675 3188 et
1689 3139 1976 3191 mediocres

386 3206 807 3258 connumerat-int.
830 3205 983 3256 Alios
998 3209 1195 3255 omnino
1215 3212 1482 3256 exemerint
1495 3223 1692 3255 numero
1705 3247 1718 3268 ‚
1735 3219 1978 3272 tauquam

389 3275 447 3322 in
466 3273 601 3320 null'o
621 3273 779 3338 pretio
795 3307 809 3328 ,
831 3271 887 3320 in
912 3271 1050 3321 nullo
1070 3289 1277 3338 numero
1289 3271 1562 3331 habendos.
1583 3271 1714 3335 Male
1733 3273 1986 3342 interpre-

381 3351 456 3389 tes
476 3337 548 3388 sic
574 3337 825 3404 explicant
845 3355 857 3388 τ
879 3340 1085 3390 eximios
1117 3337 1341 3403 fecerint.
1701 3341 1706 3346 ’

1138 3559 1165 3590 O
