2175 3809
501 316 637 385 Dr:
704 319 1390 387 ruens-10³2.
1619 321 1782 389 333-

174 402 372 477 issam
436 406 731 499 effigiem
776 405 1033 499 magis3
1075 432 1278 501 quam
1320 405 1698 479 orationem
1733 460 1756 495 ‚

168 523 305 591 pro
358 524 429 567 se
478 510 675 589 putet
723 497 1104 567 locuturam
1149 506 1178 568 ἓ
1223 502 1316 567 At
1356 497 1590 569 sordes
1617 552 1636 585 ,
1682 512 1755 569 et

168 588 565 682 squalores,
587 601 655 659 et
686 590 1230 681 propinquorum
1260 614 1530 683 quoque
1563 590 1754 660 simi—

165 678 310 749 lem
326 680 640 750 habitum
665 680 807 751 scio
839 680 1174 772 profuisse
1190 733 1209 765 .,
1239 694 1308 751 et
1329 694 1646 773 magnum
1666 680 1755 751 ad

166 770 463 842 salutem
486 784 905 841 momentum
920 797 1154 865 preces
1179 772 1506 841 attulisse.
1521 778 1754 861 Quare

168 874 245 931 et
292 862 673 935 obsecratio
704 862 823 933 illa
852 862 1157 951 judicum
1197 886 1321 955 pet·
1353 863 1750 934 chartis-sima

161 959 500 1046 pignora,
530 954 767 1048 utique
802 954 855 1025 si
889 966 957 1025 et
987 980 1118 1037 reo⁸
1141 954 1278 1024 sint
1313 953 1552 1040 liberi,
1588 980 1754 1027 con-.-

160 1049 287 1134 jux
310 1058 700 1137 ‚parentes‚
728 1044 915 1115 utilis
942 1046 1095 1115 erit.
1123 1051 1210 1115 Et
1235 1045 1518 1116 deorum
1543 1046 1751 1117 etiam

160 1134 517 1216 invocatio
532 1188 554 1221 ‚-
586 1137 773 1207 velut
806 1164 886 1206 ex
924 1137 1109 1206 bona
1143 1137 1563 1210 conscientia
1594 1163 1754 1229 pro-

160 1226 349 1297 fecta
374 1227 593 1298 videri
620 1226 814 1298 solet.
838 1234 1139 1298 Stratum
1165 1227 1461 1319 denique
1488 1231 1709 1315 jacere
1725 1280 1748 1313 ‚

160 1324 495 1411 et'genua
520 1318 879 1410 complecti
936 1347 953 1388 ι
1017 1318 1150 1387 nisi
1202 1329 1429 1387 tamen
1458 1343 1750 1409 persona

158 1434 295 1479 nos
330 1462 349 1493 ‚
402 1423 470 1479 et
536 1421 847 1480 anteacta
906 1410 1047 1483 vita
1078 1461 1098 1494 ‚
1147 1421 1217 1478 et
1257 1410 1378 1482 ‚rei
1437 1407 1750 1482 conditio

155 1500 587 1593 prohibebit.
642 1500 972 1591 Quaedam
1029 1500 1217 1571 enim
1273 1512 1414 1569 tam
1475 1499 1747 1570 sortiter

158 1591 469 1678 tuenda,
504 1618 709 1687 quam
754 1593 930 1663 facta
964 1604 1146 1663 sunt.
1196 1598 1455 1663 Verum
1498 1591 1598 1661 sic
1645 1602 1748 1662 est

155 1679 483 1753 habenda
520 1684 949 1755 auctoritatis
1006 1684 1185 1754 ratio
1212 1736 1232 1769 ,
1271 1709 1357 1753 ne
1402 1682 1490 1753 sit
1524 1682 1746 1754 invisa

148 1774 521 1845 securitas.

250 1881 418 1950 Fuit
456 1878 805 1975 quondam
839 1882 1022 1952 inter
1050 1881 1196 1951 haec
1224 1879 1454 1951 omnia
1487 1892 1746 1972 poten-

154 1971 502 2043 tissimum
555 1973 666 2058 id,
713 1999 850 2068 quo
876 1973 1171 2043 Lucium
1223 1978 1604 2042 Muraenam
1639 1978 1742 2057 (1)

156 2062 405 2132 Cicero
456 2064 933 2135 accusantibus
974 2063 1366 2135 clarissimis
1396 2062 1562 2133 viris
1611 2063 1748 2132 eri-

154 2152 391 2246 puisse
426 2155 763 2248 praecipue
797 2156 1091 2228 videtur.
1123 2153 1470 2227 Persuasit
1503 2154 1688 2224 enim
1716 2204 1740 2239 ‚

153 2242 338 2313 nihil
388 2272 532 2315 esse
596 2246 683 2315 ad
737 2260 1138 2340 praesentem
1195 2272 1425 2316 rerum
1490 2258 1746 2315 statum

152 2334 402 2405 utilius
433 2386 453 2420 ‚
516 2358 720 2428 quam
775 2336 998 2429 pridie
1040 2337 1320 2405 Calend.
1373 2337 1744 2409 Januarias

150 2424 429 2519 ingredi
477 2425 931 2501 consulatum.
980 2426 1190 2517 Quod
1227 2454 1445 2519 genus
1486 2428 1742 2499 nostris

148 2515 589 2609 temporibus.
649 2530 872 2589 totum
943 2544 1120 2612 pene
1175 2519 1520 2589 sublatum
1585 2531 1741 2604 est,

152 2632 313 2677 cum
347 2610 578 2678 omnia
627 2636 802 2680 curae
834 2610 1200 2703 tutelaeque
1251 2610 1457 2679 unius
1503 2609 1754 2679 innixa«

144 2697 532 2792 periclitari
558 2700 753 2770 nullo
785 2699 1027 2789 judicii
1062 2700 1251 2770 exitu
1276 2699 1566 2792 possint.

242 2810 355 2876 De
390 2807 899 2879 accusatoribus
946 2822 1017 2878 et
1048 2808 1185 2878 reis
1225 2833 1373 2879 sum
1421 2794 1692 2877 locutus
1715 2859 1742 2895 ‚

146 2896 319 2987 quia
351 2897 423 2967 in
444 2898 766 2990 periculis
794 2899 1077 2971 maxime
1097 2913 1409 2970 versatur
1426 2899 1736 2969 affectus.

147 2986 289 3057 Sed
319 2988 597 3081 privatae
638 3016 909 3083 quoque
942 3016 1158 3061 causoe
1190 3004 1556 3082 utrumque
1595 2990 1739 3060 ha·-

146 3076 323 3149 bent
361 3086 803 3169 perorationis
857 3107 1071 3176 genus
1097 3108 1118 3168 3
1168 3095 1236 3151 et
1278 3079 1498 3167 illud,
1595 3074 1735 3151 uod

148 3180 257 3237 est
274 3195 352 3257 ex
383 3172 897 3243 enumeratione
923 3172 1442 3267 probationum3
1470 3185 1536 3241 et
1612 3197 1732 3258 oe,

148 3260 342 3374 qu‘od
374 3286 455 3331 ex
481 3260 793 3356 lacrymis
811 3288 834 3353 3
869 3263 924 3334 si
958 3276 1077 3333 aut
1103 3276 1283 3334 statu
1312 3263 1688 3357 periclitari
1703 3313 1734 3359 1

216 3432 331 3507 (2)
362 3434 494 3495 vide
521 3437 813 3493 Ciceronem
836 3454 930 3509 pro
954 3440 1174 3499 Muraena
1181 3476 1199 3510 ,
1229 3456 1310 3510 79.
1339 3450 1438 3495 etc·
