2175 3809
599 294 724 363 DE
771 292 1381 378 ‘NAnnAno'n'm
1580 302 1589 308 ·
1660 292 1793 357 223

215 380 620 471 adiiciamus
639 407 662 467 3
685 381 846 474 quia
867 433 886 466 ‚
919 379 1054 449 nisi
1091 377 1603 449 distinxerimus
1628 430 1648 461 ,
1682 402 1799 447 ve-
1860 412 1865 416 ·

221 473 512 543 rendum
534 485 635 542 est
655 527 674 557 ‚
709 498 794 543 ne
825 472 1008 541 bona
1029 484 1263 541 nostra
1288 468 1630 565 permistis
1665 495 1800 539 ma-

217 564 300 635 lis
333 564 811 655 inquinentur.
1174 568 1179 578 ’
1224 572 1231 577 ’
1788 580 1795 599 ¹

307 662 431 725 IX.
443 655 570 725 Illa
587 680 858 749 quoque
880 652 964 723 de
983 657 1367 723 narratione
1384 651 1657 747 praecipi
1679 676 1804 722 so-

221 746 362 816 lent
377 800 396 827 ,
414 772 499 816 ne
519 773 652 839 qua
672 773 751 816 ex
777 772 855 816 ea
871 746 989 815 fiat
1003 749 1331 828 excursio,
1348 770 1433 813 ne
1452 756 1799 815 avertatur

223 864 259 907 a
304 836 536 927 judice
577 862 833 932 serum,
861 863 947 906 ne
969 837 1523 929 aliaenepersonae'
1548 858 1785 909 vocem

223 928 489 1012 demus,
516 954 604 998 ne
623 940 1217 1023 argumentemur:
1251 926 1587 1016 adjiciunt
1633 925 1805 1019 qui-

225 1020 378 1090 dam
392 1020 621 1105 etiam,
648 1046 736 1089 ne
765 1032 1038 1090 utamur
1071 1018 1449 1088 affectibus.
1483 1024 1801 1105 Quorum

223 1110 544 1215 pleraque
566 1124 725 1207 sunt
744 1110 1291 1205 frequentissime
1314 1108 1761 1179 custodienda
1783 1133 1806 1191 3

224 1228 431 1272 immo
459 1228 847 1308 nunquam,
877 1201 1008 1271 nisi
1054 1202 1233 1271 ratio
1275 1200 1621 1293 coegerit,
1658 1226 1808 1269 mu-

222 1292 1046 1399 tanda3uts1texpositio
1088 1292 1449 1385 perspicua
1508 1302 1576 1361 et
1633 1288 1805 1361 bre-

223 1411 346 1467 vis,
679 1464 684 1471 ‚

313 1474 510 1545 Nihil
559 1474 836 1569 quidem
871 1486 1009 1545 tam
1052 1500 1207 1543 raro
1242 1473 1496 1567 poterit
1548 1472 1804 1545 habere

224 1568 566 1637 rationem
595 1620 616 1651 ‚
669 1592 869 1661 quam
918 1570 1261 1647 excursio;
1315 1574 1443 1637 nec
1499 1592 1803 1661 unquam

224 1657 508 1747 debebit
560 1684 739 1741 esse,
789 1658 922 1727 nisi
971 1658 1227 1742 brevis,
1258 1656 1327 1725 e't
1373 1658 1577 1753 talis,
1614 1671 1687 1727 ut
1732 1658 1804 1727 vi

224 1748 520 1843 quadam
548 1748 904 1818 videamur
934 1750 1216 1819 affectus
1248 1748 1436 1817 velut
1472 1761 1655 1817 recto
1692 1749 1807 1817 iti-

223 1866 391 1911 nere
448 1839 714 1933 depulsi
744 1893 762 1925 ‚
804 1838 1025 1932 qualis
1065 1838 1560 1913 estCiceronis
1622 1839 1809 1909 circa

225 1931 505 2021 nuptias
527 1931 758 2005 Sassiae
783 1958 798 2001 :
825 1936 926 2015 (1)
948 1930 1010 1999 0
1040 1928 1334 1999 mulieris
1358 1928 1569 2000 scelus
1600 1935 1821 1999 incre-⁸

225 2021 474 2106 dibile,
501 2033 596 2106 et,
613 2033 850 2113 proeter
888 2019 1063 2090 hanc
1095 2048 1292 2105 unam
1312 2073 1331 2105 ‚
1366 2026 1436 2090 in
1465 2025 1806 2092 omnivita

223 2112 599 2183 inauditum
626 2122 646 2180 !
682 2113 744 2182 0
769 2112 1109 2183 libidinem
1135 2116 1553 2197 effrenatam,
1580 2124 1646 2181 et
1689 2117 1809 2187 in·-

221 2206 545 2277 domilam
579 2214 602 2297 ζ
651 2203 713 2274 0
760 2205 1117 2275 audaciam
1166 2202 1567 2295 singularem
1602 2214 1625 2273 !
1676 2230 1809 2275 non

223 2299 522 2366 timuisse
544 2348 562 2377 ,
595 2298 664 2365 si
689 2299 903 2365 minus
934 2301 1059 2367 vim
1102 2297 1368 2367 deorum
1395 2350 1414 2380 ‚
1445 2294 1817 2365 hominum-⁸

224 2386 668 2481 quesamam‚
702 2398 779 2455 at
802 2386 991 2456 illam
1023 2393 1236 2478 ipsam
1282 2399 1527 2458 noctem
1553 2442 1585 2481 ‚t
1628 2412 1813 2458 aces-

224 2504 352 2572 que
405 2474 492 2546 ill
530 2503 566 2547 s
625 2504 711 2547 nu
760 2477 953 2548 {iales
983 2488 1009 2549 ἰ’
1041 2506 1169 2549 non
1229 2479 1421 2549 limen
1483 2479 1825 2565 cubiculi?

221 2594 359 2639 uon
394 2568 610 2639 cubile
614 2569 790 2656 fi-ioe
815 2581 848 2651 ἐζ
872 2596 1001 2640 non
1041 2574 1330 2662 parietes
1360 2572 1635 2665 denique
1693 2574 1812 2662 ip·-

217 2684 369 2743 sos,
393 2664 801 2750 superiorum
833 2673 1026 2731 testes
1056 2667 1430 2751 nuptiarum
1458 2672 1485 2732 ἰ’

251 2784 260 2793 ·
321 2756 558 2821 Sermo
585 2774 864 2822 aversus
897 2779 934 2822 a
967 2752 1194 2842 judice
1229 2766 1297 2821 et
1328 2752 1601 2825 brevius
1628 2752 1814 2823 indi-

222 2852 345 2913 cat
380 2840 654 2913 interim
677 2895 696 2926 ‚
725 2855 793 2913 et
827 2845 1139 2937 coarguit
1175 2844 1409 2937 magis.
1440 2852 1594 2934 Qua
1626 2843 1708 2913 de
1737 2868 1813 2913 re

227 2931 420 3002 idem
444 2985 464 3017 ‚
498 2933 684 3027 quod
721 2933 804 3003 de
824 2941 1139 3027 prooemio
1174 2937 1471 3015 dixeram
1500 2988 1517 3019 ‚
1551 2933 1833 3019 senti0‚·

229 3021 415 3092 sicut
437 3022 523 3093 de
535 3022 1383 3120 prosbpopoeia(2)quoque
1402 3052 1567 3119 :qua
1586 3038 1816 3095 tamen

231 3136 380 3182 non
401 3114 677 3185 Servius
699 3118 905 3188 modo
925 3118 1261 3211 sulpitius
1289 3120 1507 3187 utitur
1533 3142 1655 3210 pro
1682 3122 1821 3185 Au-

231 3200 402 3273 fidia
437 3231 453 3273 :
502 3205 832 3299 Somnone
856 3222 918 3280 lc
945 3210 1309 3301 languida,
1361 3236 1450 3278 an
1479 3213 1680 3299 gravi
1707 3207 1842 3291 [ε’--κ

303 3366 328 3415 ί
344 3374 365 3407 1
387 3365 412 3416 )
429 3358 622 3411 (nuent.
653 3348 796 3417 num.
839 3364 921 3417 15.

308 3422 423 3491 (a)
455 3426 574 3491 Peg.
597 3426 714 3474 230.
831 3438 835 3445 ·

1377 3503 1531 3569 144
