<?xml version="1.0" encoding="UTF-8"?>
<!DOCTYPE html PUBLIC "-//W3C//DTD XHTML 1.0 Transitional//EN"
    "http://www.w3.org/TR/xhtml1/DTD/xhtml1-transitional.dtd">
<html xmlns="http://www.w3.org/1999/xhtml" xml:lang="en" lang="en">
 <head>
  <title>
</title>
<meta http-equiv="Content-Type" content="text/html;charset=utf-8" />
  <meta name='ocr-system' content='tesseract 3.04.00' />
  <meta name='ocr-capabilities' content='ocr_page ocr_carea ocr_par ocr_line ocrx_word'/>
</head>
<body>
  <div class='ocr_page' id='page_1' title='image "./mfabiiquintilia20quingoog_0183.png"; bbox 0 0 2175 3809; ppageno 0'>
   <div class='ocr_carea' id='block_1_1' title="bbox 201 202 1879 1118">
    <p class='ocr_par' dir='ltr' id='par_1_1' title="bbox 201 202 1879 1118">
     <span class='ocr_line' id='line_1_1' title="bbox 493 202 1798 287; baseline 0.009 -19"><span class='ocrx_word' id='word_1_1' title='bbox 493 202 672 287; x_wconf 76' lang='lat' dir='ltr'>QU&#39;AE</span> <span class='ocrx_word' id='word_1_2' title='bbox 719 222 827 269; x_wconf 79' lang='lat' dir='ltr'><em>su·</em></span> <span class='ocrx_word' id='word_1_3' title='bbox 861 222 1181 272; x_wconf 64' lang='lat' dir='ltr'><em>munau</em></span> <span class='ocrx_word' id='word_1_4' title='bbox 1224 206 1547 276; x_wconf 67' lang='lat' dir='ltr'><em>Rimmon.</em></span> <span class='ocrx_word' id='word_1_5' title='bbox 1668 207 1798 280; x_wconf 79' lang='lat'><em>135</em></span> 
     </span>
     <span class='ocr_line' id='line_1_2' title="bbox 207 289 1799 382; baseline 0.005 -21"><span class='ocrx_word' id='word_1_6' title='bbox 207 294 456 362; x_wconf 81' lang='lat' dir='ltr'><em>toricen</em></span> <span class='ocrx_word' id='word_1_7' title='bbox 491 318 635 361; x_wconf 76' lang='lat' dir='ltr'><em>esse</em></span> <span class='ocrx_word' id='word_1_8' title='bbox 671 289 1119 362; x_wconf 80' lang='lat' dir='ltr'><em>demonstrat.</em></span> <span class='ocrx_word' id='word_1_9' title='bbox 1164 299 1322 382; x_wconf 83' lang='lat' dir='ltr'><em>Quo</em></span> <span class='ocrx_word' id='word_1_10' title='bbox 1358 297 1799 369; x_wconf 80' lang='lat' dir='ltr'><em>manifestum</em></span> 
     </span>
     <span class='ocr_line' id='line_1_3' title="bbox 207 382 1797 476; baseline 0.006 -24"><span class='ocrx_word' id='word_1_11' title='bbox 207 396 308 453; x_wconf 80' lang='lat' dir='ltr'><em>est</em></span> <span class='ocrx_word' id='word_1_12' title='bbox 340 382 525 453; x_wconf 85' lang='lat' dir='ltr'><em>hanc</em></span> <span class='ocrx_word' id='word_1_13' title='bbox 555 382 958 474; x_wconf 84' lang='lat' dir='ltr'><strong>opinionem</strong></span> <span class='ocrx_word' id='word_1_14' title='bbox 991 384 1207 476; x_wconf 87' lang='lat' dir='ltr'><em>ipsius</em></span> <span class='ocrx_word' id='word_1_15' title='bbox 1230 388 1537 458; x_wconf 82' lang='lat' dir='ltr'>Platonis</span> <span class='ocrx_word' id='word_1_16' title='bbox 1568 390 1797 463; x_wconf 80' lang='lat' dir='ltr'><em>fuisse.</em></span> 
     </span>
     <span class='ocr_line' id='line_1_4' title="bbox 207 474 1800 573; baseline 0.005 -28"><span class='ocrx_word' id='word_1_17' title='bbox 207 478 294 545; x_wconf 83' lang='lat' dir='ltr'><em>Et</em></span> <span class='ocrx_word' id='word_1_18' title='bbox 309 476 558 546; x_wconf 84' lang='lat' dir='ltr'><em>Cicero</em></span> <span class='ocrx_word' id='word_1_19' title='bbox 583 481 684 559; x_wconf 88' lang='lat'><em>(1)</em></span> <span class='ocrx_word' id='word_1_20' title='bbox 716 474 1014 567; x_wconf 81' lang='lat' dir='ltr'><em>quodam</em></span> <span class='ocrx_word' id='word_1_21' title='bbox 1037 476 1189 546; x_wconf 80' lang='lat' dir='ltr'><em>loco</em></span> <span class='ocrx_word' id='word_1_22' title='bbox 1210 481 1563 573; x_wconf 50' lang='lat' dir='ltr'><em>materiam</em></span> <span class='ocrx_word' id='word_1_23' title='bbox 1582 483 1800 553; x_wconf 81' lang='lat' dir='ltr'><em>rheto-</em></span> 
     </span>
     <span class='ocr_line' id='line_1_5' title="bbox 206 568 1799 659; baseline 0.004 -22"><span class='ocrx_word' id='word_1_24' title='bbox 206 572 372 637; x_wconf 83' lang='lat' dir='ltr'><em>rices</em></span> <span class='ocrx_word' id='word_1_25' title='bbox 389 579 628 649; x_wconf 76' lang='lat' dir='ltr'><em>vocat,</em></span> <span class='ocrx_word' id='word_1_26' title='bbox 655 592 780 652; x_wconf 64' lang='lat' dir='ltr'><em>rw,</em></span> <span class='ocrx_word' id='word_1_27' title='bbox 819 593 964 659; x_wconf 82' lang='lat' dir='ltr'><em>quoe</em></span> <span class='ocrx_word' id='word_1_28' title='bbox 987 568 1309 659; x_wconf 78' lang='lat' dir='ltr'><em>subjectoe.</em></span> <span class='ocrx_word' id='word_1_29' title='bbox 1339 584 1496 641; x_wconf 81' lang='lat' dir='ltr'><em>sunt</em></span> <span class='ocrx_word' id='word_1_30' title='bbox 1518 578 1585 641; x_wconf 87' lang='lat' dir='ltr'><em>ei</em></span> <span class='ocrx_word' id='word_1_31' title='bbox 1614 601 1631 642; x_wconf 72' lang='grc' dir='ltr'><strong><em>ε</em></strong></span> <span class='ocrx_word' id='word_1_32' title='bbox 1676 574 1799 645; x_wconf 81' lang='lat' dir='ltr'><em>sed</em></span> 
     </span>
     <span class='ocr_line' id='line_1_6' title="bbox 207 657 1799 763; baseline 0.007 -37"><span class='ocrx_word' id='word_1_33' title='bbox 207 670 428 727; x_wconf 80' lang='lat' dir='ltr'><em>certas</em></span> <span class='ocrx_word' id='word_1_34' title='bbox 485 657 762 727; x_wconf 85' lang='lat' dir='ltr'><em>demum</em></span> <span class='ocrx_word' id='word_1_35' title='bbox 796 672 993 750; x_wconf 86' lang='lat' dir='ltr'><strong>putat</strong></span> <span class='ocrx_word' id='word_1_36' title='bbox 1047 686 1192 729; x_wconf 82' lang='lat' dir='ltr'><em>esse</em></span> <span class='ocrx_word' id='word_1_37' title='bbox 1240 664 1601 763; x_wconf 50' lang='lat' dir='ltr'><em>subjectas.</em></span> <span class='ocrx_word' id='word_1_38' title='bbox 1634 666 1799 737; x_wconf 82' lang='lat' dir='ltr'><em>Alio</em></span> 
     </span>
     <span class='ocr_line' id='line_1_7' title="bbox 205 747 1796 834; baseline 0.006 -15"><span class='ocrx_word' id='word_1_39' title='bbox 205 774 364 819; x_wconf 80' lang='lat' dir='ltr'><em>vero</em></span> <span class='ocrx_word' id='word_1_40' title='bbox 383 803 406 834; x_wconf 90' lang='lat'><em>.,</em></span> <span class='ocrx_word' id='word_1_41' title='bbox 435 747 524 821; x_wconf 82' lang='lat' dir='ltr'><em>de</em></span> <span class='ocrx_word' id='word_1_42' title='bbox 544 749 864 819; x_wconf 83' lang='lat' dir='ltr'><em>omnibus</em></span> <span class='ocrx_word' id='word_1_43' title='bbox 897 750 1101 821; x_wconf 85' lang='lat' dir='ltr'><em>rebus</em></span> <span class='ocrx_word' id='word_1_44' title='bbox 1126 756 1385 827; x_wconf 83' lang='lat' dir='ltr'><em>oratori</em></span> <span class='ocrx_word' id='word_1_45' title='bbox 1422 755 1796 829; x_wconf 83' lang='lat' dir='ltr'><em>dicendum</em></span> 
     </span>
     <span class='ocr_line' id='line_1_8' title="bbox 205 840 1796 943; baseline 0.005 -32"><span class='ocrx_word' id='word_1_46' title='bbox 205 841 618 927; x_wconf 80' lang='lat' dir='ltr'><strong>arbitratur,</strong></span> <span class='ocrx_word' id='word_1_47' title='bbox 651 840 759 911; x_wconf 86' lang='lat' dir='ltr'><em>his</em></span> <span class='ocrx_word' id='word_1_48' title='bbox 781 841 1059 933; x_wconf 85' lang='lat' dir='ltr'><em>quidem</em></span> <span class='ocrx_word' id='word_1_49' title='bbox 1089 844 1313 917; x_wconf 82' lang='lat' dir='ltr'><em>verbis</em></span> <span class='ocrx_word' id='word_1_50' title='bbox 1341 874 1357 915; x_wconf 88' lang='lat'><strong>:</strong></span> <span class='ocrx_word' id='word_1_51' title='bbox 1383 852 1513 933; x_wconf 86' lang='lat'><em>(2)</em></span> <span class='ocrx_word' id='word_1_52' title='bbox 1547 848 1796 943; x_wconf 78' lang='lat' dir='ltr'><strong><em>Quan-</em></strong></span> 
     </span>
     <span class='ocr_line' id='line_1_9' title="bbox 203 936 1794 1031; baseline 0.003 -28"><span class='ocrx_word' id='word_1_53' title='bbox 203 959 400 1025; x_wconf 79' lang='lat' dir='ltr'><em>quam</em></span> <span class='ocrx_word' id='word_1_54' title='bbox 419 938 520 1003; x_wconf 75' lang='lat' dir='ltr'><em>vis</em></span> <span class='ocrx_word' id='word_1_55' title='bbox 537 938 843 1019; x_wconf 82' lang='lat' dir='ltr'><em>oratoris,</em></span> <span class='ocrx_word' id='word_1_56' title='bbox 865 936 1315 1029; x_wconf 81' lang='lat' dir='ltr'><em>professioque</em></span> <span class='ocrx_word' id='word_1_57' title='bbox 1330 943 1479 1031; x_wconf 85' lang='lat' dir='ltr'><em>ipsa</em></span> <span class='ocrx_word' id='word_1_58' title='bbox 1504 940 1665 1011; x_wconf 84' lang='lat' dir='ltr'><em>bene</em></span> <span class='ocrx_word' id='word_1_59' title='bbox 1685 942 1794 1011; x_wconf 56' lang='lat' dir='ltr'><em>di„</em></span> 
     </span>
     <span class='ocr_line' id='line_1_10' title="bbox 201 1023 1879 1118; baseline 0.007 -25"><span class='ocrx_word' id='word_1_60' title='bbox 201 1023 399 1096; x_wconf 79' lang='lat' dir='ltr'><em>cendi</em></span> <span class='ocrx_word' id='word_1_61' title='bbox 417 1024 890 1116; x_wconf 78' lang='lat' dir='ltr'><em>hocsuscipere</em></span> <span class='ocrx_word' id='word_1_62' title='bbox 911 1052 996 1098; x_wconf 84' lang='lat' dir='ltr'><em>ac</em></span> <span class='ocrx_word' id='word_1_63' title='bbox 1011 1027 1321 1118; x_wconf 82' lang='lat' dir='ltr'><em>polliceri</em></span> <span class='ocrx_word' id='word_1_64' title='bbox 1348 1030 1649 1103; x_wconf 80' lang='lat' dir='ltr'><em>videatur</em></span> <span class='ocrx_word' id='word_1_65' title='bbox 1668 1086 1686 1117; x_wconf 91' lang='lat'>‚</span> <span class='ocrx_word' id='word_1_66' title='bbox 1718 1045 1797 1105; x_wconf 85' lang='lat' dir='ltr'><em>ut</em></span> <span class='ocrx_word' id='word_1_67' title='bbox 1871 1056 1879 1061; x_wconf 60' lang='lat'><em>⁷</em></span> 
     </span>
    </p>
   </div>
   <div class='ocr_carea' id='block_1_2' title="bbox 202 1118 1899 1213">
    <p class='ocr_par' dir='ltr' id='par_1_2' title="bbox 202 1118 1899 1213">
     <span class='ocr_line' id='line_1_11' title="bbox 202 1118 1899 1213; baseline 0.006 -28"><span class='ocrx_word' id='word_1_68' title='bbox 202 1118 486 1187; x_wconf 85' lang='lat' dir='ltr'><em>omnide</em></span> <span class='ocrx_word' id='word_1_69' title='bbox 506 1143 605 1201; x_wconf 87' lang='lat' dir='ltr'><em>re,</em></span> <span class='ocrx_word' id='word_1_70' title='bbox 643 1142 1036 1210; x_wconf 65' lang='lat' dir='ltr'><em>quaecunque</em></span> <span class='ocrx_word' id='word_1_71' title='bbox 1056 1124 1154 1189; x_wconf 53' lang='lat' dir='ltr'><em>sit*</em></span> <span class='ocrx_word' id='word_1_72' title='bbox 1170 1127 1544 1213; x_wconf 68' lang='lat' dir='ltr'><em>proposita..</em></span> <span class='ocrx_word' id='word_1_73' title='bbox 1560 1136 1793 1195; x_wconf 80' lang='lat' dir='ltr'><em>ornate</em></span> <span class='ocrx_word' id='word_1_74' title='bbox 1884 1130 1899 1135; x_wconf 77' lang='grc'><em>“</em></span> 
     </span>
    </p>
   </div>
   <div class='ocr_carea' id='block_1_3' title="bbox 188 1209 1799 3051">
    <p class='ocr_par' dir='ltr' id='par_1_3' title="bbox 195 1209 1799 1759">
     <span class='ocr_line' id='line_1_12' title="bbox 201 1209 1799 1304; baseline 0.005 -27"><span class='ocrx_word' id='word_1_75' title='bbox 201 1209 288 1279; x_wconf 77' lang='lat' dir='ltr'><em>ab</em></span> <span class='ocrx_word' id='word_1_76' title='bbox 303 1235 386 1279; x_wconf 90' lang='lat' dir='ltr'><em>eo</em></span> <span class='ocrx_word' id='word_1_77' title='bbox 405 1214 792 1301; x_wconf 73' lang='lat' dir='ltr'><em>copioseque</em></span> <span class='ocrx_word' id='word_1_78' title='bbox 808 1211 1090 1280; x_wconf 80' lang='lat' dir='ltr'><em>dicatur.</em></span> <span class='ocrx_word' id='word_1_79' title='bbox 1102 1210 1329 1304; x_wconf 76' lang='lat' dir='ltr'>Atque</span> <span class='ocrx_word' id='word_1_80' title='bbox 1348 1212 1573 1285; x_wconf 86' lang='lat' dir='ltr'>adhuc</span> <span class='ocrx_word' id='word_1_81' title='bbox 1598 1215 1763 1284; x_wconf 83' lang='lat' dir='ltr'><em>alibi</em></span> <span class='ocrx_word' id='word_1_82' title='bbox 1782 1243 1799 1285; x_wconf 79' lang='lat' dir='ltr'>z</span> 
     </span>
     <span class='ocr_line' id='line_1_13' title="bbox 204 1302 1795 1393; baseline 0.004 -24"><span class='ocrx_word' id='word_1_83' title='bbox 204 1307 304 1385; x_wconf 87' lang='lat'><em>(3)</em></span> <span class='ocrx_word' id='word_1_84' title='bbox 333 1302 414 1370; x_wconf 89' lang='lat' dir='ltr'><em>V</em></span> <span class='ocrx_word' id='word_1_85' title='bbox 401 1327 583 1370; x_wconf 87' lang='lat' dir='ltr'><em>erum</em></span> <span class='ocrx_word' id='word_1_86' title='bbox 605 1306 774 1371; x_wconf 87' lang='lat' dir='ltr'><em>enim</em></span> <span class='ocrx_word' id='word_1_87' title='bbox 799 1307 1095 1386; x_wconf 83' lang='lat' dir='ltr'><em>oratori,</em></span> <span class='ocrx_word' id='word_1_88' title='bbox 1126 1329 1269 1393; x_wconf 81' lang='lat' dir='ltr'><em>quoe</em></span> <span class='ocrx_word' id='word_1_89' title='bbox 1291 1316 1447 1373; x_wconf 84' lang='lat' dir='ltr'><em>sunt</em></span> <span class='ocrx_word' id='word_1_90' title='bbox 1471 1312 1541 1375; x_wconf 84' lang='lat' dir='ltr'><em>in</em></span> <span class='ocrx_word' id='word_1_91' title='bbox 1563 1307 1795 1375; x_wconf 81' lang='lat' dir='ltr'><em>homi·-</em></span> 
     </span>
     <span class='ocr_line' id='line_1_14' title="bbox 199 1393 1792 1485; baseline 0.004 -23"><span class='ocrx_word' id='word_1_92' title='bbox 199 1418 350 1462; x_wconf 84' lang='lat' dir='ltr'><em>num</em></span> <span class='ocrx_word' id='word_1_93' title='bbox 379 1399 518 1464; x_wconf 74' lang='lat' dir='ltr'><em>vita</em></span> <span class='ocrx_word' id='word_1_94' title='bbox 547 1393 1125 1485; x_wconf 80' lang='lat' dir='ltr'><em>(quandoquidem</em></span> <span class='ocrx_word' id='word_1_95' title='bbox 1150 1399 1217 1465; x_wconf 84' lang='lat' dir='ltr'><em>in</em></span> <span class='ocrx_word' id='word_1_96' title='bbox 1234 1421 1315 1465; x_wconf 85' lang='lat' dir='ltr'><em>ea</em></span> <span class='ocrx_word' id='word_1_97' title='bbox 1332 1410 1628 1468; x_wconf 69' lang='lat' dir='ltr'><em>versatur</em></span> <span class='ocrx_word' id='word_1_98' title='bbox 1640 1424 1792 1469; x_wconf 84' lang='lat' dir='ltr'><em>ora·</em></span> 
     </span>
     <span class='ocr_line' id='line_1_15' title="bbox 197 1486 1793 1579; baseline 0.004 -26"><span class='ocrx_word' id='word_1_99' title='bbox 197 1494 337 1571; x_wconf 83' lang='lat' dir='ltr'><em>tor,</em></span> <span class='ocrx_word' id='word_1_100' title='bbox 373 1496 576 1577; x_wconf 83' lang='lat' dir='ltr'><em>atque</em></span> <span class='ocrx_word' id='word_1_101' title='bbox 615 1510 702 1554; x_wconf 87' lang='lat' dir='ltr'><em>ea</em></span> <span class='ocrx_word' id='word_1_102' title='bbox 732 1498 830 1555; x_wconf 87' lang='lat' dir='ltr'><em>est</em></span> <span class='ocrx_word' id='word_1_103' title='bbox 857 1486 1247 1579; x_wconf 75' lang='lat' dir='ltr'><em>ei&#39;subjecta</em></span> <span class='ocrx_word' id='word_1_104' title='bbox 1272 1495 1553 1561; x_wconf 85' lang='lat' dir='ltr'><em>materia</em></span> <span class='ocrx_word' id='word_1_105' title='bbox 1584 1499 1613 1577; x_wconf 91' lang='lat'>)</span> <span class='ocrx_word' id='word_1_106' title='bbox 1651 1516 1793 1561; x_wconf 84' lang='lat' dir='ltr'><em>om·-</em></span> 
     </span>
     <span class='ocr_line' id='line_1_16' title="bbox 197 1577 1789 1674; baseline 0.006 -29"><span class='ocrx_word' id='word_1_107' title='bbox 197 1580 311 1646; x_wconf 80' lang='lat' dir='ltr'><em>nia</em></span> <span class='ocrx_word' id='word_1_108' title='bbox 369 1582 648 1668; x_wconf 82' lang='lat' dir='ltr'><em>quoesita</em></span> <span class='ocrx_word' id='word_1_109' title='bbox 681 1630 700 1659; x_wconf 87' lang='lat'>‚</span> <span class='ocrx_word' id='word_1_110' title='bbox 761 1578 1002 1647; x_wconf 82' lang='lat' dir='ltr'><em>audita</em></span> <span class='ocrx_word' id='word_1_111' title='bbox 1035 1631 1054 1663; x_wconf 88' lang='lat'>‚</span> <span class='ocrx_word' id='word_1_112' title='bbox 1108 1577 1277 1649; x_wconf 84' lang='lat' dir='ltr'><em>lecta</em></span> <span class='ocrx_word' id='word_1_113' title='bbox 1309 1633 1329 1666; x_wconf 83' lang='lat'>‚</span> <span class='ocrx_word' id='word_1_114' title='bbox 1390 1583 1733 1674; x_wconf 78' lang='lat' dir='ltr'><em>disputata</em></span> <span class='ocrx_word' id='word_1_115' title='bbox 1765 1636 1789 1671; x_wconf 86' lang='lat'>‚</span> 
     </span>
     <span class='ocr_line' id='line_1_17' title="bbox 195 1670 1326 1759; baseline 0.004 -22"><span class='ocrx_word' id='word_1_116' title='bbox 195 1679 494 1741; x_wconf 85' lang='lat' dir='ltr'><em>tractata</em></span> <span class='ocrx_word' id='word_1_117' title='bbox 518 1722 537 1753; x_wconf 82' lang='lat'><strong>‚</strong></span> <span class='ocrx_word' id='word_1_118' title='bbox 575 1673 840 1759; x_wconf 77' lang='lat' dir='ltr'><em>agitata</em></span> <span class='ocrx_word' id='word_1_119' title='bbox 885 1694 1022 1739; x_wconf 84' lang='lat' dir='ltr'><em>esse</em></span> <span class='ocrx_word' id='word_1_120' title='bbox 1068 1670 1326 1741; x_wconf 85' lang='lat' dir='ltr'><em>debent.</em></span> 
     </span>
    </p>

    <p class='ocr_par' dir='ltr' id='par_1_4' title="bbox 188 1763 1792 3051">
     <span class='ocr_line' id='line_1_18' title="bbox 283 1763 1787 1856; baseline 0.004 -27"><span class='ocrx_word' id='word_1_121' title='bbox 283 1766 497 1830; x_wconf 85' lang='lat' dir='ltr'>Hanc</span> <span class='ocrx_word' id='word_1_122' title='bbox 546 1763 774 1855; x_wconf 72' lang='lat' dir='ltr'><em>autem</em></span> <span class='ocrx_word' id='word_1_123' title='bbox 799 1814 818 1845; x_wconf 92' lang='lat'><strong>‚</strong></span> <span class='ocrx_word' id='word_1_124' title='bbox 873 1786 1076 1856; x_wconf 84' lang='lat' dir='ltr'><em>quam</em></span> <span class='ocrx_word' id='word_1_125' title='bbox 1108 1787 1233 1831; x_wconf 87' lang='lat' dir='ltr'><em>nos</em></span> <span class='ocrx_word' id='word_1_126' title='bbox 1273 1770 1618 1834; x_wconf 82' lang='lat' dir='ltr'><em>materiam</em></span> <span class='ocrx_word' id='word_1_127' title='bbox 1666 1792 1787 1835; x_wconf 85' lang='lat' dir='ltr'><em>vo·</em></span> 
     </span>
     <span class='ocr_line' id='line_1_19' title="bbox 197 1851 1789 1945; baseline 0.003 -24"><span class='ocrx_word' id='word_1_128' title='bbox 197 1876 433 1922; x_wconf 86' lang='lat' dir='ltr'><em>camus</em></span> <span class='ocrx_word' id='word_1_129' title='bbox 455 1907 473 1938; x_wconf 92' lang='lat'>‚</span> <span class='ocrx_word' id='word_1_130' title='bbox 497 1851 566 1921; x_wconf 89' lang='lat' dir='ltr'><em>id</em></span> <span class='ocrx_word' id='word_1_131' title='bbox 587 1864 718 1937; x_wconf 77' lang='lat' dir='ltr'><em>est,</em></span> <span class='ocrx_word' id='word_1_132' title='bbox 739 1878 846 1923; x_wconf 85' lang='lat' dir='ltr'><em>res</em></span> <span class='ocrx_word' id='word_1_133' title='bbox 867 1852 1209 1939; x_wconf 81' lang='lat' dir='ltr'><strong>subjectas</strong></span> <span class='ocrx_word' id='word_1_134' title='bbox 1227 1904 1245 1936; x_wconf 88' lang='lat'><strong>‚</strong></span> <span class='ocrx_word' id='word_1_135' title='bbox 1274 1853 1551 1945; x_wconf 84' lang='lat' dir='ltr'><em>quidam</em></span> <span class='ocrx_word' id='word_1_136' title='bbox 1579 1856 1789 1927; x_wconf 75' lang='lat' dir='ltr'><em>modo</em></span> 
     </span>
     <span class='ocr_line' id='line_1_20' title="bbox 197 1942 1792 2037; baseline 0.002 -24"><span class='ocrx_word' id='word_1_137' title='bbox 197 1942 582 2029; x_wconf 71' lang='lat' dir='ltr'><em>infinitamz,</em></span> <span class='ocrx_word' id='word_1_138' title='bbox 617 1944 821 2015; x_wconf 88' lang='lat' dir='ltr'><em>modo</em></span> <span class='ocrx_word' id='word_1_139' title='bbox 855 1970 996 2013; x_wconf 90' lang='lat' dir='ltr'><em>non</em></span> <span class='ocrx_word' id='word_1_140' title='bbox 1041 1944 1390 2037; x_wconf 85' lang='lat' dir='ltr'>propriam</span> <span class='ocrx_word' id='word_1_141' title='bbox 1436 1945 1792 2017; x_wconf 76' lang='lat' dir='ltr'><em>rhetorices</em></span> 
     </span>
     <span class='ocr_line' id='line_1_21' title="bbox 195 2036 1789 2129; baseline 0 -24"><span class='ocrx_word' id='word_1_142' title='bbox 195 2062 342 2105; x_wconf 80' lang='lat' dir='ltr'><em>esse</em></span> <span class='ocrx_word' id='word_1_143' title='bbox 404 2036 764 2123; x_wconf 77' lang='lat' dir='ltr'><em>dixerunt3</em></span> <span class='ocrx_word' id='word_1_144' title='bbox 797 2062 1081 2129; x_wconf 84' lang='lat' dir='ltr'><em>eamque</em></span> <span class='ocrx_word' id='word_1_145' title='bbox 1134 2048 1348 2107; x_wconf 81' lang='lat' dir='ltr'><em>artem</em></span> <span class='ocrx_word' id='word_1_146' title='bbox 1394 2041 1789 2107; x_wconf 84' lang='lat' dir='ltr'><em>circumcur-</em></span> 
     </span>
     <span class='ocr_line' id='line_1_22' title="bbox 193 2126 1785 2222; baseline 0.001 -25"><span class='ocrx_word' id='word_1_147' title='bbox 193 2140 439 2198; x_wconf 79' lang='lat' dir='ltr'><em>rentem</em></span> <span class='ocrx_word' id='word_1_148' title='bbox 471 2142 885 2200; x_wconf 78' lang='lat' dir='ltr'><em>vocaverunt</em></span> <span class='ocrx_word' id='word_1_149' title='bbox 917 2182 935 2215; x_wconf 90' lang='lat'>,</span> <span class='ocrx_word' id='word_1_150' title='bbox 968 2128 1153 2222; x_wconf 87' lang='lat' dir='ltr'><em>quod</em></span> <span class='ocrx_word' id='word_1_151' title='bbox 1182 2126 1252 2197; x_wconf 87' lang='lat' dir='ltr'><em>in</em></span> <span class='ocrx_word' id='word_1_152' title='bbox 1285 2129 1471 2199; x_wconf 87' lang='lat' dir='ltr'><em>omni</em></span> <span class='ocrx_word' id='word_1_153' title='bbox 1502 2130 1785 2199; x_wconf 79' lang='lat' dir='ltr'><em>materia</em></span> 
     </span>
     <span class='ocr_line' id='line_1_23' title="bbox 193 2218 1786 2316; baseline 0.003 -27"><span class='ocrx_word' id='word_1_154' title='bbox 193 2218 485 2291; x_wconf 77' lang='lat' dir='ltr'><em>diceret.</em></span> <span class='ocrx_word' id='word_1_155' title='bbox 510 2227 682 2291; x_wconf 88' lang='lat' dir='ltr'><em>Cum</em></span> <span class='ocrx_word' id='word_1_156' title='bbox 713 2222 963 2316; x_wconf 87' lang='lat' dir='ltr'>quibus</span> <span class='ocrx_word' id='word_1_157' title='bbox 1007 2220 1177 2291; x_wconf 84' lang='lat' dir='ltr'><em>mihi</em></span> <span class='ocrx_word' id='word_1_158' title='bbox 1226 2220 1511 2292; x_wconf 84' lang='lat' dir='ltr'><em>minima</em></span> <span class='ocrx_word' id='word_1_159' title='bbox 1552 2232 1786 2315; x_wconf 78' lang='lat' dir='ltr'>pugna</span> 
     </span>
     <span class='ocr_line' id='line_1_24' title="bbox 195 2308 1785 2385; baseline 0.002 -4"><span class='ocrx_word' id='word_1_160' title='bbox 195 2325 322 2383; x_wconf 75' lang='lat' dir='ltr'><em>est.</em></span> <span class='ocrx_word' id='word_1_161' title='bbox 357 2320 534 2383; x_wconf 81' lang='lat' dir='ltr'><em>Nam</em></span> <span class='ocrx_word' id='word_1_162' title='bbox 561 2312 647 2383; x_wconf 85' lang='lat' dir='ltr'><em>de</em></span> <span class='ocrx_word' id='word_1_163' title='bbox 679 2314 864 2383; x_wconf 89' lang='lat' dir='ltr'><em>omni</em></span> <span class='ocrx_word' id='word_1_164' title='bbox 893 2308 1177 2383; x_wconf 58' lang='lat' dir='ltr'><em>ma&#39;teria</em></span> <span class='ocrx_word' id='word_1_165' title='bbox 1204 2314 1433 2385; x_wconf 84' lang='lat' dir='ltr'><em>dicere</em></span> <span class='ocrx_word' id='word_1_166' title='bbox 1482 2340 1631 2385; x_wconf 84' lang='lat' dir='ltr'><em>eam</em></span> <span class='ocrx_word' id='word_1_167' title='bbox 1684 2316 1785 2384; x_wconf 80' lang='lat' dir='ltr'><strong>fa·-</strong></span> 
     </span>
     <span class='ocr_line' id='line_1_25' title="bbox 188 2404 1784 2499; baseline 0.002 -26"><span class='ocrx_word' id='word_1_168' title='bbox 188 2415 478 2491; x_wconf 69' lang='lat' dir='ltr'><em>ientur3</em></span> <span class='ocrx_word' id='word_1_169' title='bbox 514 2407 861 2498; x_wconf 78' lang='lat' dir='ltr'><em>propriam</em></span> <span class='ocrx_word' id='word_1_170' title='bbox 896 2404 1150 2477; x_wconf 82' lang='lat' dir='ltr'><em>habere</em></span> <span class='ocrx_word' id='word_1_171' title='bbox 1188 2405 1577 2489; x_wconf 81' lang='lat' dir='ltr'><em>materiam,</em></span> <span class='ocrx_word' id='word_1_172' title='bbox 1619 2406 1784 2499; x_wconf 82' lang='lat' dir='ltr'><em>quia</em></span> 
     </span>
     <span class='ocr_line' id='line_1_26' title="bbox 189 2496 1785 2591; baseline 0.002 -26"><span class='ocrx_word' id='word_1_173' title='bbox 189 2496 658 2589; x_wconf 76' lang='lat' dir='ltr'><em>multiplicem</em></span> <span class='ocrx_word' id='word_1_174' title='bbox 719 2496 1002 2579; x_wconf 82' lang='lat' dir='ltr'><em>habeat,</em></span> <span class='ocrx_word' id='word_1_175' title='bbox 1057 2510 1335 2589; x_wconf 75' lang='lat' dir='ltr'><em>negant.</em></span> <span class='ocrx_word' id='word_1_176' title='bbox 1382 2496 1515 2569; x_wconf 86' lang='lat' dir='ltr'><em>Sed</em></span> <span class='ocrx_word' id='word_1_177' title='bbox 1560 2522 1785 2591; x_wconf 84' lang='lat' dir='ltr'><em>neque</em></span> 
     </span>
     <span class='ocr_line' id='line_1_27' title="bbox 189 2576 1783 2681; baseline 0.003 -25"><span class='ocrx_word' id='word_1_178' title='bbox 189 2586 480 2658; x_wconf 82' lang='lat' dir='ltr'><em>infinita</em></span> <span class='ocrx_word' id='word_1_179' title='bbox 539 2601 672 2673; x_wconf 78' lang='lat' dir='ltr'><em>est,</em></span> <span class='ocrx_word' id='word_1_180' title='bbox 733 2589 938 2659; x_wconf 75' lang='lat' dir='ltr'><em>etiam</em></span> <span class='ocrx_word' id='word_1_181' title='bbox 988 2588 1042 2657; x_wconf 86' lang='lat' dir='ltr'><em>si</em></span> <span class='ocrx_word' id='word_1_182' title='bbox 1112 2601 1214 2657; x_wconf 81' lang='lat' dir='ltr'><em>est</em></span> <span class='ocrx_word' id='word_1_183' title='bbox 1248 2576 1651 2681; x_wconf 81' lang='lat' dir='ltr'><em>multiplex3</em></span> <span class='ocrx_word' id='word_1_184' title='bbox 1712 2601 1783 2661; x_wconf 73' lang='lat' dir='ltr'><em>et</em></span> 
     </span>
     <span class='ocr_line' id='line_1_28' title="bbox 191 2678 1783 2777; baseline 0.001 -30"><span class='ocrx_word' id='word_1_185' title='bbox 191 2678 348 2749; x_wconf 81' lang='lat' dir='ltr'><em>aliae</em></span> <span class='ocrx_word' id='word_1_186' title='bbox 375 2706 650 2777; x_wconf 84' lang='lat' dir='ltr'><em>quoque</em></span> <span class='ocrx_word' id='word_1_187' title='bbox 695 2682 1209 2751; x_wconf 82' lang='lat' dir='ltr'><em>artes-minores</em></span> <span class='ocrx_word' id='word_1_188' title='bbox 1250 2679 1509 2749; x_wconf 85' lang='lat' dir='ltr'>habent</span> <span class='ocrx_word' id='word_1_189' title='bbox 1548 2680 1783 2753; x_wconf 84' lang='lat' dir='ltr'><em>multi-</em></span> 
     </span>
     <span class='ocr_line' id='line_1_29' title="bbox 189 2770 1784 2863; baseline 0.003 -24"><span class='ocrx_word' id='word_1_190' title='bbox 189 2770 452 2863; x_wconf 82' lang='lat' dir='ltr'><em>plicem</em></span> <span class='ocrx_word' id='word_1_191' title='bbox 535 2774 887 2862; x_wconf 63' lang='lat' dir='ltr'><em>materiam</em></span> <span class='ocrx_word' id='word_1_192' title='bbox 930 2827 949 2859; x_wconf 83' lang='lat'>‚</span> <span class='ocrx_word' id='word_1_193' title='bbox 1015 2772 1205 2841; x_wconf 77' lang='lat' dir='ltr'>velut</span> <span class='ocrx_word' id='word_1_194' title='bbox 1259 2772 1784 2843; x_wconf 75' lang='lat' dir='ltr'><em>architectonice.</em></span> 
     </span>
     <span class='ocr_line' id='line_1_30' title="bbox 189 2862 1785 2957; baseline 0.002 -26"><span class='ocrx_word' id='word_1_195' title='bbox 189 2867 376 2932; x_wconf 80' lang='lat' dir='ltr'><em>Nam</em></span> <span class='ocrx_word' id='word_1_196' title='bbox 419 2890 497 2933; x_wconf 86' lang='lat' dir='ltr'><em>ea</em></span> <span class='ocrx_word' id='word_1_197' title='bbox 547 2867 620 2933; x_wconf 87' lang='lat' dir='ltr'><em>in</em></span> <span class='ocrx_word' id='word_1_198' title='bbox 673 2864 1024 2950; x_wconf 81' lang='lat' dir='ltr'><em>omnibus,</em></span> <span class='ocrx_word' id='word_1_199' title='bbox 1077 2866 1223 2957; x_wconf 68' lang='lat' dir='ltr'>q&#39;uae</span> <span class='ocrx_word' id='word_1_200' title='bbox 1278 2876 1438 2935; x_wconf 86' lang='lat' dir='ltr'>sunt</span> <span class='ocrx_word' id='word_1_201' title='bbox 1487 2862 1785 2934; x_wconf 74' lang='lat' dir='ltr'><em>aedificio</em></span> 
     </span>
     <span class='ocr_line' id='line_1_31' title="bbox 191 2954 1781 3051; baseline -0.001 -27"><span class='ocrx_word' id='word_1_202' title='bbox 191 2954 400 3025; x_wconf 82' lang='lat' dir='ltr'><em>utilia</em></span> <span class='ocrx_word' id='word_1_203' title='bbox 430 3009 449 3041; x_wconf 83' lang='lat'>‚</span> <span class='ocrx_word' id='word_1_204' title='bbox 482 2972 813 3027; x_wconf 70' lang='lat' dir='ltr'><em>versatur.</em></span> <span class='ocrx_word' id='word_1_205' title='bbox 846 2963 936 3027; x_wconf 80' lang='lat' dir='ltr'><em>Et</em></span> <span class='ocrx_word' id='word_1_206' title='bbox 979 2957 1293 3027; x_wconf 82' lang='lat' dir='ltr'><em>caelatura</em></span> <span class='ocrx_word' id='word_1_207' title='bbox 1319 3012 1338 3044; x_wconf 88' lang='lat'>,</span> <span class='ocrx_word' id='word_1_208' title='bbox 1374 2982 1520 3051; x_wconf 89' lang='lat' dir='ltr'><em>quae</em></span> <span class='ocrx_word' id='word_1_209' title='bbox 1564 2978 1732 3024; x_wconf 83' lang='lat' dir='ltr'><em>auro</em></span> <span class='ocrx_word' id='word_1_210' title='bbox 1757 3007 1781 3042; x_wconf 85' lang='lat'>‚</span> 
     </span>
    </p>
   </div>
   <div class='ocr_carea' id='block_1_4' title="bbox 188 3139 1783 3408">
    <p class='ocr_par' dir='ltr' id='par_1_5' title="bbox 188 3139 1783 3408">
     <span class='ocr_line' id='line_1_32' title="bbox 195 3139 1783 3211; baseline 0.004 -18"><span class='ocrx_word' id='word_1_211' title='bbox 195 3176 208 3183; x_wconf 88' lang='lat'>-</span> <span class='ocrx_word' id='word_1_212' title='bbox 266 3140 292 3209; x_wconf 87' lang='lat'><strong>(</strong></span> <span class='ocrx_word' id='word_1_213' title='bbox 309 3160 328 3193; x_wconf 82' lang='grc' dir='ltr'><strong>ι</strong></span> <span class='ocrx_word' id='word_1_214' title='bbox 348 3142 386 3211; x_wconf 85' lang='grc'><em>),</em></span> <span class='ocrx_word' id='word_1_215' title='bbox 409 3146 514 3195; x_wconf 77' lang='lat' dir='ltr'><em>Hoc</em></span> <span class='ocrx_word' id='word_1_216' title='bbox 536 3143 676 3197; x_wconf 80' lang='lat' dir='ltr'><em>idem</em></span> <span class='ocrx_word' id='word_1_217' title='bbox 699 3160 1044 3209; x_wconf 69' lang='lat' dir='ltr'><em>argumentum</em></span> <span class='ocrx_word' id='word_1_218' title='bbox 1079 3148 1239 3201; x_wconf 73' lang='lat' dir='ltr'><em>fusius</em></span> <span class='ocrx_word' id='word_1_219' title='bbox 1268 3155 1441 3201; x_wconf 62' lang='lat' dir='ltr'><em>tractu</em></span> <span class='ocrx_word' id='word_1_220' title='bbox 1471 3139 1783 3205; x_wconf 51' lang='lat' dir='ltr'><em>Ciceroni&amp;</em></span> 
     </span>
     <span class='ocr_line' id='line_1_33' title="bbox 188 3208 1219 3408; baseline 0.006 -83"><span class='ocrx_word' id='word_1_221' title='bbox 188 3208 1004 3408; x_wconf 53' lang='lat' dir='ltr'><em>¹·{23&#39;25*‘31‘0⁶b‡223r¹2¹·2‘t.⁵·“¹</em></span> <span class='ocrx_word' id='word_1_222' title='bbox 1031 3214 1115 3331; x_wconf 63' lang='lat'><em>⁷1¹*-</em></span> <span class='ocrx_word' id='word_1_223' title='bbox 1215 3256 1219 3262; x_wconf 94' lang='lat'>·</span> 
     </span>
    </p>
   </div>
   <div class='ocr_carea' id='block_1_5' title="bbox 308 3340 924 3417">
    <p class='ocr_par' dir='ltr' id='par_1_6' title="bbox 308 3340 924 3417">
     <span class='ocr_line' id='line_1_34' title="bbox 308 3340 924 3417; baseline -0.008 -14"><span class='ocrx_word' id='word_1_224' title='bbox 308 3340 371 3409; x_wconf 63' lang='grc'><em>3)</em></span> <span class='ocrx_word' id='word_1_225' title='bbox 404 3344 453 3396; x_wconf 83' lang='grc'><em>3-</em></span> <span class='ocrx_word' id='word_1_226' title='bbox 483 3345 545 3399; x_wconf 86' lang='lat' dir='ltr'><em>de</em></span> <span class='ocrx_word' id='word_1_227' title='bbox 573 3346 808 3416; x_wconf 66' lang='lat' dir='ltr'><em>Oratore,</em></span> <span class='ocrx_word' id='word_1_228' title='bbox 837 3343 924 3417; x_wconf 78' lang='grc'><em>54.</em></span> 
     </span>
    </p>
   </div>
   <div class='ocr_carea' id='block_1_6' title="bbox 46 3740 290 3758">
    <p class='ocr_par' dir='ltr' id='par_1_7' title="bbox 46 3740 290 3758">
     <span class='ocr_line' id='line_1_35' title="bbox 46 3740 290 3758; baseline 0.008 -2"><span class='ocrx_word' id='word_1_229' title='bbox 46 3740 152 3756; x_wconf 43' lang='grc' dir='ltr'><em>μ-</em></span> <span class='ocrx_word' id='word_1_230' title='bbox 155 3753 290 3758; x_wconf 51' lang='grc'>,,,,,</span> 
     </span>
    </p>
   </div>
  </div>
 </body>
</html>
