2175 3809
415 297 542 362 128
760 294 932 360 Lu.
991 293 1088 361 ΙΙ.
1146 296 1341 362 CAr.
1404 290 1703 364 XVIII.

408 387 511 470 (ι)
538 381 968 452 mendacium
994 383 1258 468 dicere,
1299 385 1501 454 etiam
1534 385 1821 478 sapienti
1860 386 2025 457 ali-⁴

407 475 685 569 quando
731 483 1127 553 concessum
1158 489 1296 559 est3
1334 488 1401 545 et
1452 479 1735 546 affectus
1764 478 1818 546 si
1856 475 2007 548 ali-2

401 579 510 636 ter
535 565 623 637 ad
663 566 1048 660 aequitatem
1105 565 1385 658 perduci
1433 568 1637 656 judex
1670 594 1809 637 non
1860 595 1997 659 po-

400 656 611 742 terit,
640 657 1024 726 necessario
1050 657 1350 728 movebit
1388 671 1641 728 orator.
1673 659 1994 752 Imperiti

403 750 592 820 enim
635 747 984 835 judicant,
1034 761 1103 817 et
1139 750 1255 842 qui
1303 749 1702 842 frequenter
1732 751 1807 820 in
1847 750 1998 822 hoc

397 842 623 934 ipsum
663 839 946 910 fallendi
990 852 1151 908 sunt
1179 892 1197 924 ‚
1232 863 1319 909 ne
1368 854 1621 911 errent.
1671 849 1841 913 Nam
1868 894 1889 927 ‚
1925 843 1993 914 si

397 932 570 1003 mihi
597 931 938 1024 sapientes
969 931 1233 1017 judices
1264 931 1519 1002 dentur
1540 986 1559 1015 ,
1594 934 1993 1026 sapientum

399 1025 769 1095 conciones
796 1076 815 1107 ,
865 1036 1067 1116 atque
1104 1049 1305 1093 omne
1338 1024 1707 1095 concilium
1740 1077 1759 1109 ,
1803 1025 1993 1095 nihil

395 1115 663 1186 invidia
701 1114 962 1200 valeat,
1005 1114 1184 1184 nihil
1226 1114 1482 1207 gratia,
1527 1116 1701 1186 nihil
1730 1117 1990 1208 opinio

393 1219 806 1302 praesumpta
841 1258 859 1291 ‚
904 1205 1192 1310 falsique
1230 1218 1481 1293 testes3
1522 1233 1850 1300 perquam
1894 1209 1992 1280 sit

395 1301 683 1393 exiguus
744 1297 1153 1403 eloquentiae
1225 1297 1415 1368 locus
1457 1350 1475 1382 ‚
1534 1311 1600 1369 et
1648 1324 1861 1391 prope
1908 1300 1990 1371 in

321 1393 332 1402 ’
395 1393 542 1462 sola
586 1389 1041 1462 delectatione
1080 1402 1401 1480 ponatur.
1426 1390 1663 1459 Sin.et
1694 1389 1991 1460 audien-

392 1483 572 1553 tium
601 1481 888 1551 mobiles
930 1479 1173 1562 animi,
1211 1493 1279 1548 et
1312 1492 1415 1548 tot
1452 1479 1648 1550 malis
1683 1481 1985 1554 obnoxia

390 1573 690 1658 veritas,
750 1583 893 1640 arte
941 1570 1389 1662 pugnandum
1438 1583 1541 1640 est
1584 1598 1607 1657 3
1661 1585 1730 1642 et
1782 1573 1983 1644 adhi-

389 1662 658 1749 benda,
688 1689 834 1756 quae
870 1672 1182 1754 prosunt.
1220 1668 1364 1731 Nec
1394 1662 1610 1748 enim,
1642 1665 1756 1760 qui
1792 1680 1981 1738 recta

389 1757 502 1829 via
537 1755 862 1850 depulsus
887 1765 991 1824 est
1017 1805 1036 1840 ‚
1069 1753 1307 1824 reduci
1334 1753 1422 1824 ad
1448 1779 1631 1841 eam,
1665 1755 1797 1825 nisi
1836 1757 1981 1829 alio

387 1851 570 1922 flexu
611 1859 857 1942 potest.

481 1948 647 2015 Haec
697 1950 858 2009 sunt
890 1935 1255 2096 praecipua·
1288 1961 1433 2030 quae
1468 1949 1703 2008 contra
1740 1939 1978 2010 rheto-

383 2039 562 2109 ricen
615 2032 936 2104 dicantur
979 2056 994 2098 ε
1044 2054 1079 2097 a
1116 2029 1179 2100 ia
1219 2041 1289 2098 et
1320 2029 1587 2100 minora
1625 2043 1694 2101 et
1738 2043 1973 2103 tamen

385 2152 468 2200 ex
498 2123 607 2194 his
644 2121 949 2191 fontibus
984 2118 1313 2189 derivata.

473 2204 939 2286 Confirm‘atur
1007 2223 1235 2280 autem
1299 2236 1449 2280 eam
1506 2237 1647 2282 esse
1696 2225 1911 2282 artem
1955 2269 1976 2301 ‚

379 2306 704 2379 breviter.
743 2309 917 2372 Nam
953 2300 1094 2370 sive
1148 2306 1269 2385 (ut
1298 2303 1665 2373 Cleanthes
1698 2304 1966 2393 voluit)

379 2424 498 2470 ars
549 2408 648 2468 est
682 2405 978 2486 potestas
1007 2448 1025 2477 ‚
1086 2397 1260 2464 viam
1318 2421 1403 2464 ac
1452 2396 1747 2466 ordinem
1815 2397 1971 2488 ff-

374 2494 584 2571 ciens,·
619 2513 763 2556 esse
798 2498 1050 2556 certam
1088 2485 1266 2555 viam
1300 2500 1502 2579 atque
1538 2487 1852 2556 ordinem
1886 2489 1969 2560 in

372 2580 552 2652 bene
599 2577 892 2650 dicendo
927 2602 1129 2646 nemo
1164 2575 1626 2648 dubitaverit:
1662 2578 1800 2649 sive
1844 2579 1967 2652 ille

374 2672 463 2744 ab
511 2670 831 2742 omnibus
873 2669 1013 2739 fere
1063 2668 1391 2760 probatus
1420 2671 1597 2758 finis
1644 2669 1971 2741 observa-

371 2777 494 2836 tur
524 2817 543 2849 ‚
575 2775 782 2835 artem
814 2772 1117 2832 constare
1138 2787 1227 2830 ex
1250 2762 1777 2852 perceptionibus
1803 2787 1967 2832 con-

370 2855 796 2928 sentientibus
835 2865 902 2923 et
944 2857 1404 2923 coeLvercilatzss·
1448 2855 1550 2924 ad
1565 2855 1783 2944 finem
1814 2860 1967 2926 νῆα,-

365 2948 639 3031 utilem3
673 2951 808 3036 jam
843 2943 1268 3014 ostendimus
1306 2945 1482 3016 nihil
1528 2972 1667 3015 non
1706 2945 1961 3017 horum

369 3041 445 3111 in
501 3040 821 3112 rhetorice
867 3035 1112 3106 inesse.
1164 3036 1415 3122 Quid?
1460 3037 1649 3130 quod
1686 3049 1755 3106 et
1800 3038 1961 3106 ins·-

363 3133 697 3224 pectione!
743 3141 812 3200 et
858 3126 1350 3198 exercitatione
1380 3180 1398 3211 ,
1453 3143 1533 3199 ut
1584 3141 1765 3198 artes
1814 3154 1961 3198 cae-

358 3234 576 3309 terae,‚'
611 3232 877 3293 constat
911 3227 938 3290 ἰ’
986 3225 1131 3290 Nec
1171 3233 1399 3318 potest
1428 3247 1537 3292 ars
1580 3245 1721 3290 non
1766 3245 1957 3308 esse,

363 3361 701 3493 ίηὲἱίζὲἰίιᾶε
731 3375 898 3415 notam
915 3362 972 3414 in
995 3362 1157 3433 capite
1184 3380 1229 3415 ι.
1252 3361 1341 3415 lib.
1368 3380 1428 3418 12
1444 3402 1461 3433 ,
1486 3364 1577 3419 ubi
1593 3363 1655 3442 de
1683 3359 1957 3418 mendacio

654 3446 728 3484 ur·
1182 3445 1189 3450 .
