<?xml version="1.0" encoding="UTF-8"?>
<!DOCTYPE html PUBLIC "-//W3C//DTD XHTML 1.0 Transitional//EN"
    "http://www.w3.org/TR/xhtml1/DTD/xhtml1-transitional.dtd">
<html xmlns="http://www.w3.org/1999/xhtml" xml:lang="en" lang="en">
 <head>
  <title>
</title>
<meta http-equiv="Content-Type" content="text/html;charset=utf-8" />
  <meta name='ocr-system' content='tesseract 3.04.00' />
  <meta name='ocr-capabilities' content='ocr_page ocr_carea ocr_par ocr_line ocrx_word'/>
</head>
<body>
  <div class='ocr_page' id='page_1' title='image "./mfabiiquintilia20quingoog_0093.png"; bbox 0 0 2175 3809; ppageno 0'>
   <div class='ocr_carea' id='block_1_1' title="bbox 148 342 1771 3083">
    <p class='ocr_par' dir='ltr' id='par_1_1' title="bbox 148 342 1771 3083">
     <span class='ocr_line' id='line_1_1' title="bbox 333 342 1740 427; baseline -0.001 -14"><span class='ocrx_word' id='word_1_1' title='bbox 333 347 627 413; x_wconf 68' lang='lat' dir='ltr'><strong>Aru-ns</strong></span> <span class='ocrx_word' id='word_1_2' title='bbox 673 363 965 413; x_wconf 68' lang='lat' dir='ltr'><strong>ruzam</strong></span> <span class='ocrx_word' id='word_1_3' title='bbox 1010 365 1546 413; x_wconf 71' lang='lat' dir='ltr'><strong>nnczsunm.</strong></span> <span class='ocrx_word' id='word_1_4' title='bbox 1641 342 1740 427; x_wconf 71' lang='lat'><strong>43</strong></span> 
     </span>
     <span class='ocr_line' id='line_1_2' title="bbox 148 432 1737 526; baseline -0.001 -22"><span class='ocrx_word' id='word_1_5' title='bbox 148 435 359 524; x_wconf 76' lang='lat' dir='ltr'><strong>etiam</strong></span> <span class='ocrx_word' id='word_1_6' title='bbox 384 436 673 504; x_wconf 84' lang='lat' dir='ltr'><strong>sortasse</strong></span> <span class='ocrx_word' id='word_1_7' title='bbox 696 433 947 502; x_wconf 87' lang='lat' dir='ltr'><strong>multos</strong></span> <span class='ocrx_word' id='word_1_8' title='bbox 965 486 982 516; x_wconf 86' lang='lat'>‚</span> <span class='ocrx_word' id='word_1_9' title='bbox 1014 432 1389 526; x_wconf 81' lang='lat' dir='ltr'><strong>quamlibet</strong></span> <span class='ocrx_word' id='word_1_10' title='bbox 1419 433 1618 502; x_wconf 85' lang='lat' dir='ltr'><strong>utiles</strong></span> <span class='ocrx_word' id='word_1_11' title='bbox 1637 434 1737 502; x_wconf 86' lang='lat' dir='ltr'><strong>so-</strong></span> 
     </span>
     <span class='ocr_line' id='line_1_3' title="bbox 148 525 1739 619; baseline -0.001 -25"><span class='ocrx_word' id='word_1_12' title='bbox 148 551 229 595; x_wconf 83' lang='lat' dir='ltr'><strong>ro</strong></span> <span class='ocrx_word' id='word_1_13' title='bbox 246 580 265 609; x_wconf 92' lang='lat'>‚</span> <span class='ocrx_word' id='word_1_14' title='bbox 288 527 413 619; x_wconf 86' lang='lat' dir='ltr'><strong>qui</strong></span> <span class='ocrx_word' id='word_1_15' title='bbox 434 551 563 595; x_wconf 89' lang='lat' dir='ltr'><strong>nec</strong></span> <span class='ocrx_word' id='word_1_16' title='bbox 578 537 970 618; x_wconf 80' lang='lat' dir='ltr'><strong>geometren</strong></span> <span class='ocrx_word' id='word_1_17' title='bbox 992 525 1434 607; x_wconf 85' lang='lat' dir='ltr'><strong>audiverunt,</strong></span> <span class='ocrx_word' id='word_1_18' title='bbox 1451 551 1578 594; x_wconf 87' lang='lat' dir='ltr'><strong>nec</strong></span> <span class='ocrx_word' id='word_1_19' title='bbox 1595 549 1739 594; x_wconf 85' lang='lat' dir='ltr'><strong>mu·-</strong></span> 
     </span>
     <span class='ocr_line' id='line_1_4' title="bbox 153 615 1738 708; baseline -0.001 -23"><span class='ocrx_word' id='word_1_20' title='bbox 153 618 335 687; x_wconf 88' lang='lat' dir='ltr'><strong>sicos</strong></span> <span class='ocrx_word' id='word_1_21' title='bbox 355 671 374 700; x_wconf 88' lang='lat'>‚</span> <span class='ocrx_word' id='word_1_22' title='bbox 405 617 539 686; x_wconf 82' lang='lat' dir='ltr'><strong>nisi</strong></span> <span class='ocrx_word' id='word_1_23' title='bbox 572 617 703 686; x_wconf 84' lang='lat' dir='ltr'><strong>hac</strong></span> <span class='ocrx_word' id='word_1_24' title='bbox 733 615 1074 686; x_wconf 87' lang='lat' dir='ltr'><strong>communi</strong></span> <span class='ocrx_word' id='word_1_25' title='bbox 1097 617 1444 708; x_wconf 85' lang='lat' dir='ltr'><strong>voluptate</strong></span> <span class='ocrx_word' id='word_1_26' title='bbox 1466 616 1738 685; x_wconf 87' lang='lat' dir='ltr'><strong>aurium</strong></span> 
     </span>
     <span class='ocr_line' id='line_1_5' title="bbox 156 705 1740 800; baseline 0 -24"><span class='ocrx_word' id='word_1_27' title='bbox 156 705 580 800; x_wconf 70' lang='lat' dir='ltr'><strong>intelligant.</strong></span> <span class='ocrx_word' id='word_1_28' title='bbox 624 707 893 794; x_wconf 86' lang='lat' dir='ltr'><strong>Quibus</strong></span> <span class='ocrx_word' id='word_1_29' title='bbox 936 733 1061 799; x_wconf 84' lang='lat' dir='ltr'><strong>ego</strong></span> <span class='ocrx_word' id='word_1_30' title='bbox 1109 707 1402 800; x_wconf 89' lang='lat' dir='ltr'><strong>primum</strong></span> <span class='ocrx_word' id='word_1_31' title='bbox 1439 706 1568 776; x_wconf 87' lang='lat' dir='ltr'><strong>hoc</strong></span> <span class='ocrx_word' id='word_1_32' title='bbox 1597 731 1740 776; x_wconf 82' lang='lat' dir='ltr'><strong>res·-</strong></span> 
     </span>
     <span class='ocr_line' id='line_1_6' title="bbox 160 796 1739 892; baseline -0.002 -24"><span class='ocrx_word' id='word_1_33' title='bbox 160 799 461 891; x_wconf 87' lang='lat' dir='ltr'><strong>pondeo,</strong></span> <span class='ocrx_word' id='word_1_34' title='bbox 492 799 677 892; x_wconf 88' lang='lat' dir='ltr'><strong>quod</strong></span> <span class='ocrx_word' id='word_1_35' title='bbox 706 810 773 868; x_wconf 89' lang='lat' dir='ltr'><strong>et</strong></span> <span class='ocrx_word' id='word_1_36' title='bbox 796 797 1142 868; x_wconf 87' lang='lat' dir='ltr'><strong>M.Cicero</strong></span> <span class='ocrx_word' id='word_1_37' title='bbox 1167 805 1382 882; x_wconf 86' lang='lat' dir='ltr'><strong>(orat.</strong></span> <span class='ocrx_word' id='word_1_38' title='bbox 1404 807 1506 886; x_wconf 88' lang='lat'><strong>7.)</strong></span> <span class='ocrx_word' id='word_1_39' title='bbox 1529 796 1739 890; x_wconf 87' lang='lat' dir='ltr'><strong>scrip-</strong></span> 
     </span>
     <span class='ocr_line' id='line_1_7' title="bbox 155 888 1735 982; baseline -0.001 -24"><span class='ocrx_word' id='word_1_40' title='bbox 155 903 229 958; x_wconf 79' lang='lat' dir='ltr'><strong>to</strong></span> <span class='ocrx_word' id='word_1_41' title='bbox 270 891 361 959; x_wconf 88' lang='lat' dir='ltr'><strong>ad</strong></span> <span class='ocrx_word' id='word_1_42' title='bbox 410 897 704 959; x_wconf 84' lang='lat' dir='ltr'><strong>Brutum</strong></span> <span class='ocrx_word' id='word_1_43' title='bbox 750 889 927 958; x_wconf 81' lang='lat' dir='ltr'><strong>libro</strong></span> <span class='ocrx_word' id='word_1_44' title='bbox 953 888 1378 982; x_wconf 84' lang='lat' dir='ltr'><strong>frequentius</strong></span> <span class='ocrx_word' id='word_1_45' title='bbox 1409 901 1735 974; x_wconf 84' lang='lat' dir='ltr'><strong>testatur,</strong></span> 
     </span>
     <span class='ocr_line' id='line_1_8' title="bbox 160 980 1736 1073; baseline -0.001 -23"><span class='ocrx_word' id='word_1_46' title='bbox 160 1007 300 1050; x_wconf 85' lang='lat' dir='ltr'><strong>non</strong></span> <span class='ocrx_word' id='word_1_47' title='bbox 334 1007 497 1050; x_wconf 89' lang='lat' dir='ltr'><strong>eum</strong></span> <span class='ocrx_word' id='word_1_48' title='bbox 524 1007 563 1050; x_wconf 87' lang='lat' dir='ltr'><strong>a</strong></span> <span class='ocrx_word' id='word_1_49' title='bbox 598 980 793 1049; x_wconf 87' lang='lat' dir='ltr'><strong>nobis</strong></span> <span class='ocrx_word' id='word_1_50' title='bbox 824 981 1087 1050; x_wconf 82' lang='lat' dir='ltr'><strong>institui</strong></span> <span class='ocrx_word' id='word_1_51' title='bbox 1117 993 1452 1051; x_wconf 81' lang='lat' dir='ltr'><strong>oratorem</strong></span> <span class='ocrx_word' id='word_1_52' title='bbox 1473 981 1589 1073; x_wconf 91' lang='lat' dir='ltr'><strong>qui</strong></span> <span class='ocrx_word' id='word_1_53' title='bbox 1623 980 1736 1064; x_wconf 84' lang='lat' dir='ltr'><strong>sit,</strong></span> 
     </span>
     <span class='ocr_line' id='line_1_9' title="bbox 162 1071 1740 1164; baseline -0.001 -24"><span class='ocrx_word' id='word_1_54' title='bbox 162 1085 275 1140; x_wconf 88' lang='lat' dir='ltr'><strong>aut</strong></span> <span class='ocrx_word' id='word_1_55' title='bbox 310 1072 571 1156; x_wconf 81' lang='lat' dir='ltr'><strong>fuerit3</strong></span> <span class='ocrx_word' id='word_1_56' title='bbox 630 1072 748 1140; x_wconf 81' lang='lat' dir='ltr'><strong>sed</strong></span> <span class='ocrx_word' id='word_1_57' title='bbox 799 1071 1165 1164; x_wconf 79' lang='lat' dir='ltr'><strong>imaginem</strong></span> <span class='ocrx_word' id='word_1_58' title='bbox 1199 1071 1540 1164; x_wconf 84' lang='lat' dir='ltr'><strong>quandam</strong></span> <span class='ocrx_word' id='word_1_59' title='bbox 1573 1095 1740 1140; x_wconf 77' lang='lat' dir='ltr'><strong>con-</strong></span> 
     </span>
     <span class='ocr_line' id='line_1_10' title="bbox 164 1161 1742 1266; baseline -0.002 -33"><span class='ocrx_word' id='word_1_60' title='bbox 164 1163 422 1256; x_wconf 84' lang='lat' dir='ltr'><strong>cepisse</strong></span> <span class='ocrx_word' id='word_1_61' title='bbox 454 1188 577 1232; x_wconf 88' lang='lat' dir='ltr'><strong>nos</strong></span> <span class='ocrx_word' id='word_1_62' title='bbox 609 1164 837 1232; x_wconf 90' lang='lat' dir='ltr'><strong>animo</strong></span> <span class='ocrx_word' id='word_1_63' title='bbox 866 1164 1148 1256; x_wconf 86' lang='lat' dir='ltr'><strong>perfecti</strong></span> <span class='ocrx_word' id='word_1_64' title='bbox 1178 1163 1402 1246; x_wconf 78' lang='lat' dir='ltr'><strong>illius,</strong></span> <span class='ocrx_word' id='word_1_65' title='bbox 1435 1188 1515 1266; x_wconf 65' lang='lat' dir='ltr'><strong>ex</strong></span> <span class='ocrx_word' id='word_1_66' title='bbox 1545 1161 1742 1230; x_wconf 79' lang='lat' dir='ltr'><strong>nulla</strong></span> 
     </span>
     <span class='ocr_line' id='line_1_11' title="bbox 164 1252 1744 1348; baseline -0.001 -26"><span class='ocrx_word' id='word_1_67' title='bbox 164 1267 355 1347; x_wconf 84' lang='lat' dir='ltr'><strong>parte</strong></span> <span class='ocrx_word' id='word_1_68' title='bbox 418 1257 761 1324; x_wconf 76' lang='lat' dir='ltr'><strong>cessantis.</strong></span> <span class='ocrx_word' id='word_1_69' title='bbox 820 1261 992 1323; x_wconf 88' lang='lat' dir='ltr'><strong>Nam</strong></span> <span class='ocrx_word' id='word_1_70' title='bbox 1048 1267 1116 1322; x_wconf 92' lang='lat' dir='ltr'><strong>et</strong></span> <span class='ocrx_word' id='word_1_71' title='bbox 1179 1254 1552 1348; x_wconf 81' lang='lat' dir='ltr'><strong>sapientem</strong></span> <span class='ocrx_word' id='word_1_72' title='bbox 1589 1252 1744 1320; x_wconf 71' lang='lat' dir='ltr'><strong>for-</strong></span> 
     </span>
     <span class='ocr_line' id='line_1_12' title="bbox 166 1345 1740 1440; baseline -0.001 -26"><span class='ocrx_word' id='word_1_73' title='bbox 166 1353 429 1418; x_wconf 81' lang='lat' dir='ltr'><strong>mantes</strong></span> <span class='ocrx_word' id='word_1_74' title='bbox 464 1371 617 1414; x_wconf 85' lang='lat' dir='ltr'><strong>eum</strong></span> <span class='ocrx_word' id='word_1_75' title='bbox 642 1399 659 1429; x_wconf 86' lang='lat'>‚</span> <span class='ocrx_word' id='word_1_76' title='bbox 696 1345 813 1440; x_wconf 88' lang='lat' dir='ltr'><strong>qui</strong></span> <span class='ocrx_word' id='word_1_77' title='bbox 862 1345 947 1414; x_wconf 89' lang='lat' dir='ltr'><strong>sit</strong></span> <span class='ocrx_word' id='word_1_78' title='bbox 998 1346 1266 1432; x_wconf 68' lang='lat' dir='ltr'><strong>futurus</strong></span> <span class='ocrx_word' id='word_1_79' title='bbox 1311 1368 1740 1412; x_wconf 84' lang='lat' dir='ltr'><strong>consumma-</strong></span> 
     </span>
     <span class='ocr_line' id='line_1_13' title="bbox 166 1433 1742 1529; baseline -0.003 -23"><span class='ocrx_word' id='word_1_80' title='bbox 166 1448 275 1506; x_wconf 82' lang='lat' dir='ltr'><strong>tus</strong></span> <span class='ocrx_word' id='word_1_81' title='bbox 307 1437 651 1529; x_wconf 83' lang='lat' dir='ltr'><strong>undique,</strong></span> <span class='ocrx_word' id='word_1_82' title='bbox 690 1451 757 1506; x_wconf 87' lang='lat' dir='ltr'><strong>et</strong></span> <span class='ocrx_word' id='word_1_83' title='bbox 795 1441 910 1520; x_wconf 88' lang='lat' dir='ltr'><strong>(ut</strong></span> <span class='ocrx_word' id='word_1_84' title='bbox 944 1435 1224 1522; x_wconf 85' lang='lat' dir='ltr'><strong>dicunt)</strong></span> <span class='ocrx_word' id='word_1_85' title='bbox 1258 1434 1562 1505; x_wconf 87' lang='lat' dir='ltr'><strong>mortalis</strong></span> <span class='ocrx_word' id='word_1_86' title='bbox 1639 1433 1742 1503; x_wconf 84' lang='lat' dir='ltr'><strong>ui·</strong></span> 
     </span>
     <span class='ocr_line' id='line_1_14' title="bbox 168 1461 1742 1619; baseline -0.001 -22"><span class='ocrx_word' id='word_1_87' title='bbox 168 1527 325 1597; x_wconf 88' lang='lat' dir='ltr'><strong>dam</strong></span> <span class='ocrx_word' id='word_1_88' title='bbox 370 1528 581 1612; x_wconf 67' lang='lat' dir='ltr'><strong>dem,</strong></span> <span class='ocrx_word' id='word_1_89' title='bbox 638 1553 780 1598; x_wconf 91' lang='lat' dir='ltr'><strong>non</strong></span> <span class='ocrx_word' id='word_1_90' title='bbox 834 1527 1031 1597; x_wconf 88' lang='lat' dir='ltr'><strong>modo</strong></span> <span class='ocrx_word' id='word_1_91' title='bbox 1079 1528 1474 1619; x_wconf 80' lang='lat' dir='ltr'><strong>cognitione</strong></span> <span class='ocrx_word' id='word_1_92' title='bbox 1509 1461 1742 1596; x_wconf 47' lang='lat' dir='ltr'><strong>miles-</strong></span> 
     </span>
     <span class='ocr_line' id='line_1_15' title="bbox 166 1617 1742 1712; baseline 0 -24"><span class='ocrx_word' id='word_1_93' title='bbox 166 1617 341 1688; x_wconf 83' lang='lat' dir='ltr'><strong>tium</strong></span> <span class='ocrx_word' id='word_1_94' title='bbox 368 1620 471 1688; x_wconf 82' lang='lat' dir='ltr'><strong>vel</strong></span> <span class='ocrx_word' id='word_1_95' title='bbox 508 1619 899 1688; x_wconf 83' lang='lat' dir='ltr'><strong>mortalium</strong></span> <span class='ocrx_word' id='word_1_96' title='bbox 925 1632 1168 1712; x_wconf 74' lang='lat' dir='ltr'><strong>putant</strong></span> <span class='ocrx_word' id='word_1_97' title='bbox 1200 1617 1742 1703; x_wconf 83' lang='lat' dir='ltr'><strong>instituendum3</strong></span> 
     </span>
     <span class='ocr_line' id='line_1_16' title="bbox 150 1709 1740 1802; baseline -0.001 -24"><span class='ocrx_word' id='word_1_98' title='bbox 150 1709 287 1778; x_wconf 73' lang='lat' dir='ltr'><strong>sed</strong></span> <span class='ocrx_word' id='word_1_99' title='bbox 338 1735 459 1800; x_wconf 88' lang='lat' dir='ltr'><strong>per</strong></span> <span class='ocrx_word' id='word_1_100' title='bbox 499 1709 803 1802; x_wconf 66' lang='lat' dir='ltr'><strong>quedam</strong></span> <span class='ocrx_word' id='word_1_101' title='bbox 843 1737 1051 1802; x_wconf 81' lang='lat' dir='ltr'><strong>parva-</strong></span> <span class='ocrx_word' id='word_1_102' title='bbox 1084 1736 1246 1780; x_wconf 89' lang='lat' dir='ltr'><strong>sane</strong></span> <span class='ocrx_word' id='word_1_103' title='bbox 1277 1763 1298 1793; x_wconf 79' lang='lat'>,</span> <span class='ocrx_word' id='word_1_104' title='bbox 1331 1711 1580 1802; x_wconf 88' lang='lat' dir='ltr'><strong>si·ipsa</strong></span> <span class='ocrx_word' id='word_1_105' title='bbox 1622 1709 1740 1778; x_wconf 87' lang='lat' dir='ltr'><strong>de·-</strong></span> 
     </span>
     <span class='ocr_line' id='line_1_17' title="bbox 168 1800 1742 1906; baseline -0.001 -37"><span class='ocrx_word' id='word_1_106' title='bbox 168 1825 353 1869; x_wconf 87' lang='lat' dir='ltr'><strong>mum</strong></span> <span class='ocrx_word' id='word_1_107' title='bbox 371 1807 690 1886; x_wconf 67' lang='lat' dir='ltr'><strong>aestimes,</strong></span> <span class='ocrx_word' id='word_1_108' title='bbox 721 1801 1004 1888; x_wconf 86' lang='lat' dir='ltr'><strong>ducunt,</strong></span> <span class='ocrx_word' id='word_1_109' title='bbox 1038 1802 1216 1870; x_wconf 84' lang='lat' dir='ltr'><strong>sicut</strong></span> <span class='ocrx_word' id='word_1_110' title='bbox 1248 1800 1610 1906; x_wconf 83' lang='lat' dir='ltr'><strong>exquisitas</strong></span> <span class='ocrx_word' id='word_1_111' title='bbox 1635 1801 1742 1868; x_wconf 88' lang='lat' dir='ltr'><strong>in·-</strong></span> 
     </span>
     <span class='ocr_line' id='line_1_18' title="bbox 170 1891 1771 1984; baseline -0.002 -23"><span class='ocrx_word' id='word_1_112' title='bbox 170 1892 371 1961; x_wconf 87' lang='lat' dir='ltr'><strong>terim</strong></span> <span class='ocrx_word' id='word_1_113' title='bbox 402 1891 881 1982; x_wconf 78' lang='lat' dir='ltr'><strong>ambiguitates</strong></span> <span class='ocrx_word' id='word_1_114' title='bbox 909 1921 926 1962; x_wconf 75' lang='lat'>2</span> <span class='ocrx_word' id='word_1_115' title='bbox 952 1919 1095 1961; x_wconf 89' lang='lat' dir='ltr'><strong>non</strong></span> <span class='ocrx_word' id='word_1_116' title='bbox 1121 1899 1221 1976; x_wconf 77' lang='grc' dir='ltr'><strong>(ι)</strong></span> <span class='ocrx_word' id='word_1_117' title='bbox 1249 1915 1408 1984; x_wconf 74' lang='lat' dir='ltr'><strong>quta</strong></span> <span class='ocrx_word' id='word_1_118' title='bbox 1441 1895 1771 1959; x_wconf 56' lang='lat' dir='ltr'><strong>cerasiam</strong></span> 
     </span>
     <span class='ocr_line' id='line_1_19' title="bbox 172 1982 1745 2078; baseline -0.002 -26"><span class='ocrx_word' id='word_1_119' title='bbox 172 1995 290 2052; x_wconf 88' lang='lat' dir='ltr'><strong>aut</strong></span> <span class='ocrx_word' id='word_1_120' title='bbox 324 1983 743 2054; x_wconf 80' lang='lat' dir='ltr'><strong>crocodilinoe</strong></span> <span class='ocrx_word' id='word_1_121' title='bbox 782 1983 1043 2078; x_wconf 81' lang='lat' dir='ltr'><strong>possint</strong></span> <span class='ocrx_word' id='word_1_122' title='bbox 1078 1983 1298 2052; x_wconf 85' lang='lat' dir='ltr'><strong>facere</strong></span> <span class='ocrx_word' id='word_1_123' title='bbox 1328 1982 1745 2074; x_wconf 81' lang='lat' dir='ltr'><strong>sapientem,</strong></span> 
     </span>
     <span class='ocr_line' id='line_1_20' title="bbox 174 2073 1746 2169; baseline 0 -25"><span class='ocrx_word' id='word_1_124' title='bbox 174 2074 291 2144; x_wconf 85' lang='lat' dir='ltr'><strong>sed</strong></span> <span class='ocrx_word' id='word_1_125' title='bbox 344 2077 508 2169; x_wconf 87' lang='lat' dir='ltr'><strong>quia</strong></span> <span class='ocrx_word' id='word_1_126' title='bbox 572 2075 766 2145; x_wconf 89' lang='lat' dir='ltr'><strong>illum</strong></span> <span class='ocrx_word' id='word_1_127' title='bbox 830 2101 915 2145; x_wconf 90' lang='lat' dir='ltr'><strong>ne</strong></span> <span class='ocrx_word' id='word_1_128' title='bbox 988 2076 1059 2144; x_wconf 90' lang='lat' dir='ltr'><strong>in</strong></span> <span class='ocrx_word' id='word_1_129' title='bbox 1114 2073 1414 2144; x_wconf 87' lang='lat' dir='ltr'><strong>minimis</strong></span> <span class='ocrx_word' id='word_1_130' title='bbox 1468 2073 1746 2166; x_wconf 86' lang='lat' dir='ltr'><strong>quidem</strong></span> 
     </span>
     <span class='ocr_line' id='line_1_21' title="bbox 176 2163 1746 2260; baseline 0 -25"><span class='ocrx_word' id='word_1_131' title='bbox 176 2179 486 2260; x_wconf 79' lang='lat' dir='ltr'><strong>oporteat</strong></span> <span class='ocrx_word' id='word_1_132' title='bbox 547 2165 715 2236; x_wconf 86' lang='lat' dir='ltr'><strong>falli.</strong></span> <span class='ocrx_word' id='word_1_133' title='bbox 770 2167 1100 2238; x_wconf 84' lang='lat' dir='ltr'><strong>Similiter</strong></span> <span class='ocrx_word' id='word_1_134' title='bbox 1156 2177 1492 2236; x_wconf 85' lang='lat' dir='ltr'><strong>oratorem</strong></span> <span class='ocrx_word' id='word_1_135' title='bbox 1555 2171 1583 2248; x_wconf 96' lang='lat'>(</span> <span class='ocrx_word' id='word_1_136' title='bbox 1625 2163 1746 2258; x_wconf 85' lang='lat' dir='ltr'><strong>qui</strong></span> 
     </span>
     <span class='ocr_line' id='line_1_22' title="bbox 174 2255 1747 2351; baseline -0.001 -25"><span class='ocrx_word' id='word_1_137' title='bbox 174 2255 377 2327; x_wconf 86' lang='lat' dir='ltr'><strong>debet</strong></span> <span class='ocrx_word' id='word_1_138' title='bbox 406 2285 548 2328; x_wconf 86' lang='lat' dir='ltr'><strong>esse</strong></span> <span class='ocrx_word' id='word_1_139' title='bbox 576 2259 888 2350; x_wconf 89' lang='lat' dir='ltr'><strong>sapiens)</strong></span> <span class='ocrx_word' id='word_1_140' title='bbox 926 2285 1061 2328; x_wconf 88' lang='lat' dir='ltr'><strong>non</strong></span> <span class='ocrx_word' id='word_1_141' title='bbox 1101 2269 1473 2351; x_wconf 80' lang='lat' dir='ltr'><strong>geometres</strong></span> <span class='ocrx_word' id='word_1_142' title='bbox 1502 2256 1747 2342; x_wconf 84' lang='lat' dir='ltr'><strong>saciet,</strong></span> 
     </span>
     <span class='ocr_line' id='line_1_23' title="bbox 176 2347 1746 2443; baseline -0.001 -26"><span class='ocrx_word' id='word_1_143' title='bbox 176 2362 290 2417; x_wconf 87' lang='lat' dir='ltr'><strong>aut</strong></span> <span class='ocrx_word' id='word_1_144' title='bbox 322 2349 622 2418; x_wconf 89' lang='lat' dir='ltr'><strong>musicus</strong></span> <span class='ocrx_word' id='word_1_145' title='bbox 648 2401 667 2434; x_wconf 88' lang='lat'>‚</span> <span class='ocrx_word' id='word_1_146' title='bbox 699 2375 978 2443; x_wconf 85' lang='lat' dir='ltr'><strong>quaeque</strong></span> <span class='ocrx_word' id='word_1_147' title='bbox 1006 2350 1114 2418; x_wconf 90' lang='lat' dir='ltr'><strong>his</strong></span> <span class='ocrx_word' id='word_1_148' title='bbox 1141 2350 1271 2418; x_wconf 87' lang='lat' dir='ltr'><strong>alia</strong></span> <span class='ocrx_word' id='word_1_149' title='bbox 1299 2347 1746 2440; x_wconf 80' lang='lat' dir='ltr'><strong>subjungam3</strong></span> 
     </span>
     <span class='ocr_line' id='line_1_24' title="bbox 176 2440 1759 2534; baseline -0.001 -24"><span class='ocrx_word' id='word_1_150' title='bbox 176 2440 291 2510; x_wconf 82' lang='lat' dir='ltr'><strong>sed</strong></span> <span class='ocrx_word' id='word_1_151' title='bbox 318 2441 419 2510; x_wconf 83' lang='lat' dir='ltr'><strong>hae</strong></span> <span class='ocrx_word' id='word_1_152' title='bbox 449 2466 721 2534; x_wconf 88' lang='lat' dir='ltr'><strong>quoque</strong></span> <span class='ocrx_word' id='word_1_153' title='bbox 754 2454 967 2526; x_wconf 60' lang='grc' dir='ltr'><strong>δῆθε,</strong></span> <span class='ocrx_word' id='word_1_154' title='bbox 997 2455 1070 2509; x_wconf 89' lang='lat' dir='ltr'><strong>ut</strong></span> <span class='ocrx_word' id='word_1_155' title='bbox 1104 2441 1190 2508; x_wconf 85' lang='lat' dir='ltr'><strong>sit</strong></span> <span class='ocrx_word' id='word_1_156' title='bbox 1217 2451 1759 2525; x_wconf 84' lang='lat' dir='ltr'><strong>consummatus,</strong></span> 
     </span>
     <span class='ocr_line' id='line_1_25' title="bbox 173 2529 1748 2620; baseline -0.001 -20"><span class='ocrx_word' id='word_1_157' title='bbox 173 2533 533 2620; x_wconf 81' lang='lat' dir='ltr'><strong>juvabunt.</strong></span> <span class='ocrx_word' id='word_1_158' title='bbox 580 2532 725 2602; x_wconf 89' lang='lat' dir='ltr'><strong>Nisi</strong></span> <span class='ocrx_word' id='word_1_159' title='bbox 774 2533 945 2602; x_wconf 83' lang='lat' dir='ltr'><strong>forte</strong></span> <span class='ocrx_word' id='word_1_160' title='bbox 995 2529 1380 2602; x_wconf 70' lang='lat' dir='ltr'><strong>antidotum</strong></span> <span class='ocrx_word' id='word_1_161' title='bbox 1473 2530 1748 2616; x_wconf 70' lang='lat' dir='ltr'><strong>uidem,</strong></span> 
     </span>
     <span class='ocr_line' id='line_1_26' title="bbox 176 2555 1748 2722; baseline 0.001 -31"><span class='ocrx_word' id='word_1_162' title='bbox 176 2635 375 2717; x_wconf 86' lang='lat' dir='ltr'><strong>atque</strong></span> <span class='ocrx_word' id='word_1_163' title='bbox 431 2623 566 2694; x_wconf 88' lang='lat' dir='ltr'><strong>alia</strong></span> <span class='ocrx_word' id='word_1_164' title='bbox 590 2677 609 2710; x_wconf 89' lang='lat'>‚</span> <span class='ocrx_word' id='word_1_165' title='bbox 676 2650 821 2719; x_wconf 85' lang='lat' dir='ltr'><strong>quae</strong></span> <span class='ocrx_word' id='word_1_166' title='bbox 873 2624 1128 2694; x_wconf 85' lang='lat' dir='ltr'><strong>morbis</strong></span> <span class='ocrx_word' id='word_1_167' title='bbox 1179 2634 1326 2722; x_wconf 45' lang='lat' dir='ltr'><strong>aut,</strong></span> <span class='ocrx_word' id='word_1_168' title='bbox 1351 2555 1748 2696; x_wconf 55' lang='lat' dir='ltr'><strong>vulneribus</strong></span> 
     </span>
     <span class='ocr_line' id='line_1_27' title="bbox 176 2712 1751 2812; baseline -0.001 -28"><span class='ocrx_word' id='word_1_169' title='bbox 176 2715 539 2812; x_wconf 79' lang='lat' dir='ltr'><strong>medentur</strong></span> <span class='ocrx_word' id='word_1_170' title='bbox 562 2769 580 2800; x_wconf 91' lang='lat'>‚</span> <span class='ocrx_word' id='word_1_171' title='bbox 618 2741 698 2784; x_wconf 83' lang='lat' dir='ltr'><strong>ex</strong></span> <span class='ocrx_word' id='word_1_172' title='bbox 730 2714 962 2785; x_wconf 84' lang='lat' dir='ltr'><strong>multis</strong></span> <span class='ocrx_word' id='word_1_173' title='bbox 988 2768 1008 2800; x_wconf 86' lang='lat'>‚</span> <span class='ocrx_word' id='word_1_174' title='bbox 1049 2727 1252 2808; x_wconf 81' lang='lat' dir='ltr'><strong>atque</strong></span> <span class='ocrx_word' id='word_1_175' title='bbox 1289 2712 1563 2782; x_wconf 82' lang='lat' dir='ltr'><strong>interim</strong></span> <span class='ocrx_word' id='word_1_176' title='bbox 1594 2737 1751 2784; x_wconf 89' lang='lat' dir='ltr'><strong>con-</strong></span> 
     </span>
     <span class='ocr_line' id='line_1_28' title="bbox 177 2803 1752 2900; baseline -0.001 -27"><span class='ocrx_word' id='word_1_177' title='bbox 177 2807 405 2876; x_wconf 88' lang='lat' dir='ltr'><strong>trariis</strong></span> <span class='ocrx_word' id='word_1_178' title='bbox 506 2833 727 2900; x_wconf 87' lang='lat' dir='ltr'><strong>uoque</strong></span> <span class='ocrx_word' id='word_1_179' title='bbox 772 2807 953 2876; x_wconf 88' lang='lat' dir='ltr'><strong>inter</strong></span> <span class='ocrx_word' id='word_1_180' title='bbox 996 2831 1065 2876; x_wconf 87' lang='lat' dir='ltr'><strong>se</strong></span> <span class='ocrx_word' id='word_1_181' title='bbox 1121 2803 1510 2887; x_wconf 80' lang='lat' dir='ltr'><strong>effectibus,</strong></span> <span class='ocrx_word' id='word_1_182' title='bbox 1567 2829 1752 2872; x_wconf 89' lang='lat' dir='ltr'><strong>com-</strong></span> 
     </span>
     <span class='ocr_line' id='line_1_29' title="bbox 174 2833 1753 2992; baseline -0.001 -26"><span class='ocrx_word' id='word_1_183' title='bbox 174 2899 337 2988; x_wconf 89' lang='lat' dir='ltr'><strong>poni</strong></span> <span class='ocrx_word' id='word_1_184' title='bbox 377 2833 688 2968; x_wconf 55' lang='lat' dir='ltr'><strong>vigemus</strong></span> <span class='ocrx_word' id='word_1_185' title='bbox 714 2951 732 2984; x_wconf 86' lang='lat'>‚</span> <span class='ocrx_word' id='word_1_186' title='bbox 778 2923 1067 2992; x_wconf 86' lang='lat' dir='ltr'><strong>quorum</strong></span> <span class='ocrx_word' id='word_1_187' title='bbox 1103 2924 1183 2966; x_wconf 81' lang='lat' dir='ltr'><strong>ex</strong></span> <span class='ocrx_word' id='word_1_188' title='bbox 1214 2889 1496 2966; x_wconf 65' lang='lat' dir='ltr'><strong>diversis</strong></span> <span class='ocrx_word' id='word_1_189' title='bbox 1528 2894 1602 2964; x_wconf 82' lang='lat' dir='ltr'><strong>fit</strong></span> <span class='ocrx_word' id='word_1_190' title='bbox 1630 2895 1753 2965; x_wconf 85' lang='lat' dir='ltr'><strong>illa</strong></span> 
     </span>
     <span class='ocr_line' id='line_1_30' title="bbox 174 2985 1752 3083; baseline 0 -26"><span class='ocrx_word' id='word_1_191' title='bbox 174 2987 469 3058; x_wconf 80' lang='lat' dir='ltr'><strong>mixtura</strong></span> <span class='ocrx_word' id='word_1_192' title='bbox 524 3015 663 3058; x_wconf 86' lang='lat' dir='ltr'><strong>una</strong></span> <span class='ocrx_word' id='word_1_193' title='bbox 694 3043 714 3075; x_wconf 86' lang='lat'>‚</span> <span class='ocrx_word' id='word_1_194' title='bbox 778 3016 923 3083; x_wconf 81' lang='lat' dir='ltr'><strong>quae</strong></span> <span class='ocrx_word' id='word_1_195' title='bbox 980 2989 1154 3059; x_wconf 88' lang='lat' dir='ltr'><strong>nulli</strong></span> <span class='ocrx_word' id='word_1_196' title='bbox 1213 3013 1444 3058; x_wconf 86' lang='lat' dir='ltr'><strong>earum</strong></span> <span class='ocrx_word' id='word_1_197' title='bbox 1511 2985 1752 3056; x_wconf 88' lang='lat' dir='ltr'><strong>similis</strong></span> 
     </span>
    </p>
   </div>
   <div class='ocr_carea' id='block_1_2' title="bbox 144 3092 1757 3443">
    <p class='ocr_par' dir='ltr' id='par_1_2' title="bbox 144 3092 1757 3443">
     <span class='ocr_line' id='line_1_31' title="bbox 238 3092 1756 3166; baseline -0.001 -20"><span class='ocrx_word' id='word_1_198' title='bbox 238 3095 340 3166; x_wconf 86' lang='lat'><strong>(1)</strong></span> <span class='ocrx_word' id='word_1_199' title='bbox 381 3093 645 3146; x_wconf 68' lang='lat' dir='ltr'><strong>Cet-atinae</strong></span> <span class='ocrx_word' id='word_1_200' title='bbox 678 3108 725 3145; x_wconf 84' lang='lat' dir='ltr'><strong>et</strong></span> <span class='ocrx_word' id='word_1_201' title='bbox 760 3097 1096 3149; x_wconf 64' lang='lat' dir='ltr'><strong>crocodileam</strong></span> <span class='ocrx_word' id='word_1_202' title='bbox 1135 3096 1386 3164; x_wconf 73' lang='lat' dir='ltr'><strong>captiones</strong></span> <span class='ocrx_word' id='word_1_203' title='bbox 1425 3092 1657 3142; x_wconf 79' lang='lat' dir='ltr'><strong>dixerunt</strong></span> <span class='ocrx_word' id='word_1_204' title='bbox 1691 3095 1756 3145; x_wconf 80' lang='lat' dir='ltr'><strong>ab</strong></span> 
     </span>
     <span class='ocr_line' id='line_1_32' title="bbox 176 3161 1756 3244; baseline -0.003 -17"><span class='ocrx_word' id='word_1_205' title='bbox 176 3177 433 3244; x_wconf 76' lang='lat' dir='ltr'><strong>exemplis.</strong></span> <span class='ocrx_word' id='word_1_206' title='bbox 473 3177 625 3242; x_wconf 86' lang='lat' dir='ltr'><strong>Quod</strong></span> <span class='ocrx_word' id='word_1_207' title='bbox 665 3195 765 3226; x_wconf 87' lang='lat' dir='ltr'><strong>non</strong></span> <span class='ocrx_word' id='word_1_208' title='bbox 786 3178 1071 3244; x_wconf 75' lang='lat' dir='ltr'><strong>perdidisti,</strong></span> <span class='ocrx_word' id='word_1_209' title='bbox 1108 3168 1262 3228; x_wconf 70' lang='lat' dir='ltr'><strong>babes</strong></span> <span class='ocrx_word' id='word_1_210' title='bbox 1291 3192 1470 3227; x_wconf 83' lang='lat' dir='ltr'><strong>cornua</strong></span> <span class='ocrx_word' id='word_1_211' title='bbox 1489 3213 1504 3238; x_wconf 91' lang='lat'><strong>‚</strong></span> <span class='ocrx_word' id='word_1_212' title='bbox 1534 3161 1756 3234; x_wconf 59' lang='lat' dir='ltr'><strong>nipast«,</strong></span> 
     </span>
     <span class='ocr_line' id='line_1_33' title="bbox 175 3241 1756 3320; baseline 0.001 -28"><span class='ocrx_word' id='word_1_213' title='bbox 175 3261 276 3294; x_wconf 79' lang='lat' dir='ltr'><strong>non</strong></span> <span class='ocrx_word' id='word_1_214' title='bbox 302 3241 594 3312; x_wconf 78' lang='lat' dir='ltr'><strong>perdidisti:</strong></span> <span class='ocrx_word' id='word_1_215' title='bbox 613 3261 730 3310; x_wconf 81' lang='lat' dir='ltr'><strong>ergo</strong></span> <span class='ocrx_word' id='word_1_216' title='bbox 751 3243 905 3295; x_wconf 59' lang='lat' dir='ltr'><strong>habes</strong></span> <span class='ocrx_word' id='word_1_217' title='bbox 926 3263 1120 3295; x_wconf 80' lang='lat' dir='ltr'><strong>cornua.</strong></span> <span class='ocrx_word' id='word_1_218' title='bbox 1139 3243 1218 3297; x_wconf 84' lang='lat' dir='ltr'><strong>Ex</strong></span> <span class='ocrx_word' id='word_1_219' title='bbox 1243 3248 1303 3295; x_wconf 80' lang='lat' dir='ltr'><strong>A·</strong></span> <span class='ocrx_word' id='word_1_220' title='bbox 1324 3242 1501 3320; x_wconf 67' lang='lat' dir='ltr'><strong>Geli-l.</strong></span> <span class='ocrx_word' id='word_1_221' title='bbox 1535 3246 1612 3296; x_wconf 75' lang='lat'><strong>16.</strong></span> <span class='ocrx_word' id='word_1_222' title='bbox 1636 3266 1683 3297; x_wconf 88' lang='lat' dir='ltr'><strong>c.</strong></span> <span class='ocrx_word' id='word_1_223' title='bbox 1705 3261 1756 3298; x_wconf 75' lang='lat'><strong>2.</strong></span> 
     </span>
     <span class='ocr_line' id='line_1_34' title="bbox 144 3309 1755 3386; baseline 0.003 -27"><span class='ocrx_word' id='word_1_224' title='bbox 144 3345 153 3352; x_wconf 84' lang='lat'>-</span> <span class='ocrx_word' id='word_1_225' title='bbox 184 3309 476 3386; x_wconf 68' lang='lat' dir='ltr'><strong>Croqodilus</strong></span> <span class='ocrx_word' id='word_1_226' title='bbox 509 3323 669 3359; x_wconf 72' lang='lat' dir='ltr'><strong>nutem</strong></span> <span class='ocrx_word' id='word_1_227' title='bbox 698 3330 812 3362; x_wconf 88' lang='lat' dir='ltr'><strong>cum</strong></span> <span class='ocrx_word' id='word_1_228' title='bbox 848 3311 1095 3378; x_wconf 79' lang='lat' dir='ltr'><strong>pollicitus</strong></span> <span class='ocrx_word' id='word_1_229' title='bbox 1127 3322 1248 3362; x_wconf 83' lang='lat' dir='ltr'><strong>essct</strong></span> <span class='ocrx_word' id='word_1_230' title='bbox 1281 3309 1474 3360; x_wconf 75' lang='lat' dir='ltr'><strong>mulieri</strong></span> <span class='ocrx_word' id='word_1_231' title='bbox 1507 3311 1671 3362; x_wconf 79' lang='lat' dir='ltr'><strong>fillum</strong></span> <span class='ocrx_word' id='word_1_232' title='bbox 1703 3329 1755 3364; x_wconf 79' lang='lat' dir='ltr'><strong>se</strong></span> 
     </span>
     <span class='ocr_line' id='line_1_35' title="bbox 178 3373 1757 3443; baseline 0.003 -17"><span class='ocrx_word' id='word_1_233' title='bbox 178 3376 491 3428; x_wconf 75' lang='lat' dir='ltr'><strong>reddxturum</strong></span> <span class='ocrx_word' id='word_1_234' title='bbox 510 3413 525 3438; x_wconf 89' lang='lat'>‚</span> <span class='ocrx_word' id='word_1_235' title='bbox 544 3375 588 3425; x_wconf 83' lang='lat' dir='ltr'><strong>si</strong></span> <span class='ocrx_word' id='word_1_236' title='bbox 614 3375 697 3426; x_wconf 87' lang='lat' dir='ltr'><strong>illa</strong></span> <span class='ocrx_word' id='word_1_237' title='bbox 731 3375 1136 3428; x_wconf 71' lang='lat' dir='ltr'><strong>verum‘dixisset</strong></span> <span class='ocrx_word' id='word_1_238' title='bbox 1152 3413 1169 3443; x_wconf 85' lang='lat'>‚</span> <span class='ocrx_word' id='word_1_239' title='bbox 1202 3373 1300 3426; x_wconf 76' lang='lat' dir='ltr'><strong>ait:</strong></span> <span class='ocrx_word' id='word_1_240' title='bbox 1326 3393 1428 3436; x_wconf 69' lang='lat' dir='ltr'><strong>non</strong></span> <span class='ocrx_word' id='word_1_241' title='bbox 1459 3379 1652 3432; x_wconf 76' lang='lat' dir='ltr'><strong>reddes.</strong></span> <span class='ocrx_word' id='word_1_242' title='bbox 1677 3382 1757 3434; x_wconf 74' lang='lat' dir='ltr'><strong>Ex</strong></span> 
     </span>
    </p>
   </div>
   <div class='ocr_carea' id='block_1_3' title="bbox 178 3442 910 3523">
    <p class='ocr_par' dir='ltr' id='par_1_3' title="bbox 178 3442 910 3523">
     <span class='ocr_line' id='line_1_36' title="bbox 178 3442 910 3523; baseline 0 -16"><span class='ocrx_word' id='word_1_243' title='bbox 178 3452 407 3509; x_wconf 68' lang='lat' dir='ltr'><strong>Luciam</strong></span> <span class='ocrx_word' id='word_1_244' title='bbox 462 3445 505 3508; x_wconf 67' lang='grc' dir='ltr'><strong>ἓν</strong></span> <span class='ocrx_word' id='word_1_245' title='bbox 538 3442 657 3514; x_wconf 67' lang='grc' dir='ltr'><strong>βίον</strong></span> <span class='ocrx_word' id='word_1_246' title='bbox 692 3445 910 3523; x_wconf 65' lang='grc' dir='ltr'><strong>πρίσω.</strong></span> 
     </span>
    </p>
   </div>
  </div>
 </body>
</html>
