2175 3809
477 286 604 349 132-
649 287 1477 353 Ponmms‘Scnoms„
1663 307 1743 352 21

175 369 492 441 libertum
541 371 742 443 lateri
776 371 914 440 *filii
960 371 1064 440 sui
1101 373 1473 464 adjungere
1499 425 1518 456 .,
1554 376 1749 462 cujus

177 461 482 532 assiduus
537 463 902 543 comitatus
967 462 1175 532 etiam
1232 463 1752 545 illosmeliores

179 551 422 638 faciat,
467 553 587 647 qui
631 553 1074 622 timebantur.

257 661 492 730 Facile
562 674 738 730 erat·
774 660 978 750 hujus
1068 673 1287 733 metus
1351 661 1752 734 remedium.

177 752 454 821 Utinam
495 751 871 821 liberorum
923 764 1309 821 nostrorum
1348 779 1565 824 mores
1610 780 1749 823 non

181 841 298 934 ipsi
327 844 794 935 perderemus.
814 843 1195 912 Infantiam
1226 845 1453 914 statim
1481 845 1750 916 deliciis

179 934 522 1004 solvimus.
564 934 801 1014 Mollis
836 935 955 1004 illa
1006 934 1323 1030 educatio
1347 989 1366 1020 ‚
1393 961 1595 1027 quam
1646 935 1753 1006 i'n-

181 1023 600 1118 dulgentiam
649 1051 966 1096 vocamus
1009 1078 1028 1114 ‚
1082 1052 1326 1094 nervos
1389 1053 1624 1097 omnes
1682 1038 1753 1096 et

183 1119 421 1187 mentis
457 1131 526 1186 et
571 1115 878 1210 corporis
905 1117 1180 1209 frangit.
1199 1115 1386 1206 Quid
1406 1142 1545 1186 non
1565 1117 1755 1186 adul·

182 1219 284 1277 tus
345 1208 830 1301 concupiscet,
857 1209 976 1302 qui
1026 1207 1098 1277 in
1135 1209 1458 1300 purpuris
1516 1209 1692 1300 repit
1727 1216 1754 1280 ἶ

182 1299 497 1370 Nondum
532 1298 752 1392 prima
785 1300 991 1370 verba
1019 1300 1368 1390 exprimit,
1394 1312 1461 1368 et
1484 1303 1619 1390 jam
1649 1306 1750 1385 (1)

185 1415 450 1462 coccum
478 1391 806 1484 intelligit
825 1445 843 1478 ‚
871 1396 1006 1480 jam
1039 1389 1477 1484 conchylium
1512 1392 1752 1484 poscit.

185 1487 352 1552 Ante
401 1483 708 1577 palatum
739 1509 976 1552 eorum
1003 1535 1022 1567 ‚
1049 1509 1259 1576 quam
1298 1509 1372 1552 os
1397 1515 1415 1566 ⁴,
1448 1482 1758 1554 institui·
1790 1569 1795 1576 Ι

186 1599 349 1643 mus.
378 1581 454 1645 In
508 1574 767 1665 lecticis
805 1587 1169 1660 crescunt3
1202 1575 1260 1644 si
1304 1588 1553 1644 terram
1594 1577 1755 1645 atti-

186 1666 443 1756 gerint,
479 1691 516 1734 e
540 1666 858 1735 manibus
907 1663 1231 1772 utrinque
1265 1666 1753 1738 sustinentium

189 1757 504 1845 pendent.·
553 1757 973 1827 ‘Gaudemus
1023 1810 1042 1841 ‚
1087 1783 1145 1826 si
1204 1756 1370 1847 quid
1433 1757 1757 1828 licentius

188 1845 496 1918 dixerint.
515 1848 782 1918 'Verba‘
797 1902 816 1934 ‚
841 1876 930 1918 ne
949 1883 954 1886 ·
971 1847 1431 1917 alexandrinis
1478 1847 1757 1939 quidem

188 1939 638 2030 permittenda
671 1939 940 2010 deliciis
968 1991 987 2024 ‚
1029 1939 1169 2008 risu
1206 1950 1273 2008 et
1304 1937 1539 2007 osculo
1580 1940 1760 2010 exci—
1804 1965 1811 1970 ·

234 2029 421 2100 imus.
455 2039 599 2101 Nec
619 2031 865 2103 mirum
894 2057 914 2116 3
943 2047 1067 2101 nos
1094 2029 1453 2100 docuimus
1480 2082 1497 2112 ,
1532 2055 1611 2100 ex
1640 2057 1761 2100 no-

188 2055 290 2192 gis
362 2123 753 2194 audierunt.
809 2129 1030 2195 Omne
1077 2121 1497 2194 convivium·
1512 2119 1761 2193 obscoe-

190 2212 292 2282 nis
339 2215 623 2286 canticis
653 2215 940 2308 strepit,
981 2213 1309 2308 pudenda
1351 2213 1539 2288 dictu
1578 2239 1762 2307 spec—

192 2313 436 2390 tantur.
467 2307 582 2376 Fit
607 2333 684 2376 ex
719 2306 830 2378 his·
859 2306 1333 2398 consuetudo'‚'
1364 2304 1615 2378 deinde
1644 2333 1759 2376 na-

190 2406 356 2468 tura.
378 2399 684 2468 Discunt
699 2399 844 2468 h‘aec
863 2398 1097 2467 miseri
1120 2450 1141 2481 .,
1160 2401 1521 2489 antequem
1541 2397 1761 2480 sciant

192 2487 346 2559 vitia
393 2516 596 2560 esse:
658 2489 817 2562 inde
874 2489 1081 2560 soluti
1124 2514 1218 2556 ·ac
1272 2487 1563 2572 fluentes
1618 2515 1758 2559 non

193 2574 532 2673 accipiunt
571 2607 608 2650 e
633 2581 886 2653 scholis
913 2579 1090 2650 mala
1115 2579 1245 2649 ista
1275 2607 1289 2650 :
1316 2579 1435 2648 sed
1465 2577 1539 2650 in
1565 2579 1762 2652 scho-

194 2667 282 2741 las
311 2673 640 2742 afferunt.

276 2807 338 2850 2.
359 2789 620 2852 Verum
648 2779 722 2850 in
755 2778 1000 2850 studiis
1029 2779 1244 2872 magis
1286 2779 1555 2850 vacabit
1585 2805 1763 2850 unus

253 2963 352 3032 (ι)
399 2959 588 3011 Coccus
617 2961 694 3012 vel
728 2960 1087 3028 quisquillium,
1106 2977 1327 3024 -granum
1360 2973 1431 3012 est
1462 2960 1588 3012 illud
1607 2999 1621 3024 ,
1663 2977 1765 3027 quo

190 3041 334 3077 vestes
353 3028 630 3089 coccineae,
657 3027 728 3075 vel
753 3026 1084 3094 quisquiliatae
1104 3027 1378 3094 tinguntur.
1403 3025 1729 3085 Conchrlt'um
1746 3064 1763 3091 ,

191 3110 338 3158 genus
363 3093 572 3145 conchae
601 3105 648 3142 et
681 3093 918 3159 muricis,
943 3113 1005 3143 ex
1077 3111 1141 3143 no
1165 3094 1461 3161 exprimitur
1496 3091 1628 3140 color
1658 3091 1765 3143 non

187 3160 426 3209 absimilis
455 3176 687 3226 purpurae
701 3194 737 3218 x
755 3157 912 3211 Turn.
951 3113 1167 3226 Quffiann
1191 3162 1365 3225 legunt
1392 3173 1559 3206 cocum
1574 3193 1589 3217 ‚
1612 3168 1658 3205 et
1676 3175 1769 3224 per

191 3225 452 3293 conchylia
471 3224 762 3290 intelligunt
781 3223 1014 3275 delicatos
1040 3227 1232 3294 pisces:
1266 3237 1318 3273 ut
1348 3235 1476 3272 totus
1504 3219 1592 3272 hic
1631 3223 1768 3276 locus

143 3306 146 3314 '
187 3292 423 3346 referatur
439 3309 544 3340 non
575 3290 640 3341 ad
671 3287 879 3339 vestium
900 3288 1455 3357 magnifi‹:entiam‚sed
1479 3287 1770 3341 ad‘delicias

189 3357 434 3408 ciborum.
463 3359 566 3408 'Per
591 3355 840 3422 palatum,
861 3369 1057 3422 gustum
1079 3355 1346 3421 intelligit3
1371 3373 1459 3424 per
1477 3371 1769 3424 os,‚ser,mo-

188 3437 318 3476 uem.
349 3425 452 3478 Pro
469 3438 526 3472 os
540 3461 557 3492 ,
574 3421 720 3474 multi
743 3422 946 3492 legunt,
961 3431 1137 3472 mom.
1370 3428 1374 3433 ·
