2175 3809
563 281 691 347 DE
762 278 1486 353 Rarum-mmm.
1673 282 1826 355 31(

230 367 310 440 in
376 366 525 438 foro
588 366 839 438 dicturi
902 368 1270 441 adversarii
1321 386 1545 451 essent
1579 426 1598 460 ,
1663 402 1810 469 quae

228 458 520 530 minime
557 459 783 529 vellet.
1783 492 1794 500 ·

322 549 723 619 Ridiculum
752 561 855 621 est
878 560 1041 643 ergo
1064 550 1139 620 in
1168 550 1808 641 exercitationibus,-

155 675 159 679 ·
226 666 382 731 quae
444 642 594 710 soro
655 654 1124 732 praeparantur
1147 694 1166 727 ‚
1219 640 1407 735 prius
1467 644 1806 741 cogitare,

274 730 402 801 -uid
452 730 891 835 responderi,
937 756 1140 824 quam
1187 733 1354 825 quid
1408 760 1485 803 ex
1533 736 1804 805 diverso

226 756 369 891 dici
452 835 637 891 osslt.
672 823 763 891 Et
814 820 1035 891 bonus
1067 836 1442 915 praeceptor
1493 850 1632 893 non
1678 827 1806 895 mi·-

223 936 359 983 nus
384 848 793 1005 discipulum
821 912 1104 983 laudare·
1132 914 1336 985 debet
1353 968 1372 1000 .,
1399 914 1454 985 si
1491 916 1656 1006 quid
1677 942 1806 1007 pro

223 1002 529 1107 diversa,
548 1027 753 1108 quam
776 1004 829 1074 si
862 1003 1031 1097 quid
1056 1030 1182 1097 pro
1214 1032 1339 1079 sna
1366 1018 1554 1099 parte
1575 1008 1800 1078 acrius

221 1106 693 1186 excogitant...

294 1190 605 1255 VHLEst
624 1184 882 1255 etillud
902 1182 1474 1269 vitium‚nimium
1493 1185 1798 1273 solliciti,

220 1287 292 1343 et
321 1275 499 1345 circa
519 1276 750 1345 omnia
776 1287 1121 1345 momenta
1149 1273 1493 1346 luctantis.
1511 1283 1799 1368 Suspec-

186 1376 359 1437 ·tam
381 1367 575 1436 enim
604 1367 767 1436 facit
798 1366 1010 1455 judici
1042 1390 1312 1437 causam
1336 1398 1352 1446 ς
1380 1380 1448 1435 et
1477 1368 1798 1459 frequen·-

215 1468 325 1525 ter
348 1508 367 1541 ,
398 1484 543 1549 quae
578 1458 805 1527 statim
840 1456 1033 1527 dicta
1078 1482 1346 1527 omnem
1403 1458 1796 1527 dubitatio-.-
1827 1544 1831 1549 ,

217 1572 377 1617 nem
407 1548 840 1619 sustulissent
872 1600 891 1633 ,
925 1547 1137 1617 dilata
1172 1547 1333 1638 ipsis
1353 1540 1794 1642 -praeparatio-

215 1637 421 1707 nibus
456 1637 660 1708 fidem
719 1638 1057 1743 perdunt3
1110 1639 1270 1731 quia
1333 1653 1659 1745 patronus
1723 1654 1792 1707 et

216 1727 377 1801 aliis
409 1728 781 1807 crediderit
803 1755 973 1821 opus
1008 1728 1238 1819 fuisse.
1269 1730 1624 1799 Fiduciam
1660 1730 1789 1820 igi-

213 1830 330 1887 tur
364 1833 595 1889 orator
629 1846 761 1913 prae
796 1846 864 1891 se
899 1818 1108 1901 serat,
1135 1844 1530 1911 semperque
1567 1819 1658 1887 ita
1691 1818 1790 1887 di-

214 1922 360 1993 eat,
422 1923 743 2016 tanquam
803 1909 888 1979 de
941 1934 1146 1994 causa
1206 1908 1462 2013 optime
1515 1909 1786 1983 sentiat.

211 2001 421 2088 Quod
472 2008 701 2085 (slcut
741 2000 1023 2083 omnia)
1075 2001 1146 2067 in
1195 2004 1520 2068 Cicerone
1550 1999 1782 2091 praeci-

207 2114 423 2183 puum
458 2106 575 2161 est.
604 2100 777 2161 Nam
810 2092 928 2160 illa
953 2115 1214 2159 summa
1249 2115 1413 2159 cura
1442 2090 1784 2159 securita-

206 2180 261 2249 ti
298 2194 396 2251 est
432 2183 674 2253 similis
697 2235 716 2268 ‚
748 2195 1071 2275 tantaque
1102 2181 1171 2249 in
1207 2180 1519 2250 oratione
1549 2192 1784 2265 aucto-7

204 2272 403 2355 ritaS,
437 2284 513 2341 ut
594 2272 978 2345 robationis
1005 2273 1232 2341 locum
1278 2271 1624 2359 obtineat,
1661 2271 1782 2341 du-

202 2359 427 2433 bitare
461 2300 659 2431 nossis
692 2388 833 2431 non
870 2361 1306 2432 audentibus.
1712 2436 1718 2441 ,

294 2458 509 2543 Porro
560 2454 676 2547 qui
715 2453 985 2538 scierit,
1034 2452 1204 2545 quid
1257 2479 1410 2546 pars
1465 2451 1774 2537 adversa,

200 2543 373 2633 quid
406 2558 635 2614 nostr-a
673 2544 919 2615 habeat
950 2544 1487 2613 valentissimum
1513 2596 1532 2628 ‚
1577 2543 1776 2613 facile

197 2634 565 2725 judicabit,
588 2634 833 2727 quibus
868 2636 1149 2705 maxime
1179 2634 1382 2703 rebus
1407 2634 1510 2703 vel
1540 2658 1776 2701 occur·-

198 2724 493 2793 rendum
528 2726 655 2804 sit,
686 2725 791 2795 vel
821 2724 1236 2795 instandum.
1271 2725 1464 2795 Ordo
1497 2722 1776 2817 quidem

198 2813 274 2883 in
310 2828 497 2906 parte
527 2815 716 2884 nulla
762 2816 987 2885 minus
1021 2817 1217 2885 affert
1267 2814 1541 2885 laboris.
1599 2821 1772 2883 Nam

198 2904 255 2973 si
288 2908 549 2999 agimus
572 2959 589 2988 ,
644 2915 874 2974 nostra
926 2906 1390 2976 confirmanda
1426 2916 1582 2974 sunt
1618 2902 1774 2994 pri-5

196 3020 383 3065 mum
410 3021 431 3079 3
464 3010 643 3079 tum,
681 3022 827 3089 quae
865 2998 1113 3067 nostris
1145 3007 1622 3089 opponuntur,
1651 3019 1774 3063 re·-

195 3086 505 3156 sutanda.
538 3086 1130 3181 Si-respondemus
1151 3140 1168 3171 ‚
1199 3088 1387 3179 prius
1419 3084 1770 3177 incipien-

192 3176 359 3246 dum
392 3191 491 3248 est
534 3206 571 3249 a
596 3178 1073 3249 refutatione...
1116 3176 1510 3248 Videndum
1535 3174 1769 3269 praecis-

192 3292 329 3425 fue
354 3269 844 3375 utriquepartiss
882 3270 996 3339 uhi
1032 3270 1118 3339 sit
1143 3268 1240 3338 rei
1287 3292 1568 3337 summa.
1593 3274 1768 3337 Nam

226 3382 335 3427 ere
390 3361 675 3456 accidit,
702 3374 777 3430 ut
810 3362 883 3431 in
924 3366 1146 3434 causz's
1174 3358 1390 3431 multa
1413 3358 1766 3449 dicantur,

190 3445 281 3519 de
328 3450 567 3541 paucis
597 3449 969 3543 judicetur.
