2175 3809
684 164 699 194 )

548 260 677 342 nn
726 275 1549 343 Pannona-mmmmm
1609 271 1618 284 ’
1726 272 1816 364 59

212 363 551 436 modicus
598 359 843 435 hiatus·
880 365 1130 434 rictum
1166 363 1558 450 distendat,
1594 390 1682 434 ne
1717 391 1832 434 su-

214 457 469 550 pimus
504 456 735 528 vultus
764 508 783 541 ,
816 481 905 528 ne
941 455 1190 547 dejecti
1220 457 1290 526 in
1327 469 1577 526 terram
1603 455 1826 543 oculi,

216 574 323 618 ne
374 547 705 618 inclinata
748 547 1077 618 utrolibet
1125 548 1374 617 cervix.
1413 555 1586 618 Nam
1637 549 1829 620 frons

218 641 553 732 pluribus
595 640 963 734 generibus
1012 653 1272 733 peccat.
1313 639 1478 710 Vidi
1526 640 1832 726 multOS,

220 757 531 825 quorum
584 731 955 825 supercilia
1002 731 1089 802 ad
1138 731 1448 825 singulos
1492 732 1678 803 vocis
1724 757 1832 801 co-

220 837 444 894 natus
502 824 1009 906 allevarentur,
1058 823 1352 894 aliorum
1403 825 1772 897 constricta
1806 873 1828 909 ,

220 916 533 986 aliorum
574 916 781 986 etiam
816 915 1223 986 dissidentia
1248 969 1267 999 .‚
1305 942 1460 988 cum
1499 914 1716 986 altero
1753 915 1831 986 in
1914 936 1920 941 ·

218 1005 563 1078 verticem
612 1006 1021 1090 tenderent,
1076 1007 1295 1078 altero
1357 1033 1531 1102 pene
1585 1007 1830 1078 oculus

224 1099 247 1168 i
306 1125 387 1168 se
418 1111 863 1191 premeretur.
892 1097 1250 1172 Infinitum
1277 1113 1540 1184 autem,
1561 1111 1640 1168 ut
1670 1121 1826 1169 mox

224 1126 579 1277 dicemus,
619 1191 691 1260 in
722 1191 833 1260 his
865 1217 1138 1285 quoque
1167 1191 1371 1260 rebus
1403 1203 1828 1262 momentum

225 1295 363 1352 est.
401 1287 487 1352 Et
554 1283 731 1352 nihil
786 1295 1015 1376 potest
1064 1283 1334 1374 placere
1375 1335 1394 1366 .,
1444 1283 1632 1376 quod
1681 1305 1826 1352 non

224 1374 458 1446 decet.
522 1374 753 1444 Debet
826 1375 1033 1446 etiam
1112 1374 1357 1446 docere
1435 1374 1779 1444 comoedus
1809 1425 1829 1460 ,

226 1465 582 1560 quomodo
629 1466 1047 1536 narrandum
1070 1519 1089 1550 ,
1127 1491 1260 1560 qua
1299 1465 1387 1536 sit
1412 1465 1825 1542 auctoritate

226 1557 703 1644 suadendum,
757 1583 891 1652 qua
941 1555 1403 1630 concitatione
1454 1566 1826 1652 consurgat

226 1650 373 1736 ira,
400 1649 519 1742 qui
542 1650 755 1720 flexus
786 1651 1023 1720 deceat
1053 1649 1585 1724 miserationem.
1611 1647 1826 1738 Quod

224 1741 333 1812 ita
364 1740 631 1835 optime
680 1741 931 1827 faciet,
977 1741 1033 1810 si
1085 1755 1306 1812 certos
1354 1769 1434 1812 ex
1475 1740 1827 1814 comoediis

224 1831 523 1926 elegerit
554 1833 776 1918 locos,
806 1845 876 1902 et
900 1831 985 1902 ad
1016 1831 1152 1903 hoc
1187 1833 1472 1904 maxime
1500 1833 1826 1920 idoneos,

228 1923 313 1994 id
359 1937 464 1995 est
494 1978 516 2009 ‚
569 1923 943 1996 actionibus
992 1924 1273 1994 similes.
1326 1925 1540 1996 Iidem
1597 1938 1827 1996 autem

226 2041 378 2084 non
428 2016 517 2086 ad
604 2015 1153 2088 ronuntiandum
1195 2015 1400 2088 modo
1435 2015 1829 2106 utilissimi,

227 2133 471 2180 verum
510 2043 603 2179 ag
626 2108 1007 2202 augendam
1050 2133 1323 2204 quoque
1362 2109 1827 2204 eloquentiam

233 2199 530 2269 maxime
606 2199 1102 2272 accommodati
1183 2214 1408 2272 erunt.
1455 2207 1560 2276 ‚Et
1635 2195 1898 2290 haec‘,'.*

234 2289 408 2360 dum
446 2291 719 2362 infirma
764 2305 922 2364 aetas
954 2296 1212 2382 majora
1241 2319 1382 2364 nou
1409 2294 1658 2386 capiet.-
1686 2297 1827 2364 Cae-

232 2394 714 2489 ternum-cum
756 2383 981 2478 legere
1026 2384 1373 2454 orationes
1425 2383 1772 2491 oportebit
1811 2403 1832 2472 ,

236 2497 401 2544 cum
468 2487 761 2548 virtutes
830 2500 1063 2546 earum
1135 2479 1270 2565 jam
1328 2487 1627 2562 sentiet,
1681 2487 1828 2548 tum

238 2563 417 2634 mihi
468 2564 597 2636 dili
648 2592 769 2650 ens
810 2565 1057 2661 aliquis
1094 2591 1173 2636 ac
1261 2568 1474 2638 eritus
1510 2567 1828 2656 assistat3

234 2682 466 2750 neque
532 2684 607 2728 so
640 2684 753 2728 um
827 2657 1123 2728 lectione
1223 2673 1440 2728 ormet
1495 2712 1512 2742 ‚
1590 2685 1830 2729 verum

238 2748 450 2818 etiam
496 2748 801 2820 ediscere
837 2748 1053 2820 electa
1104 2775 1183 2818 ex
1227 2749 1337 2820 his
1369 2765 1604 2844 cogat,
1647 2765 1715 2820 et
1748 2777 1828 2820 ea

239 2837 477 2909 dicere
534 2853 825 2910 stantem
881 2840 1099 2923 clare,
1145 2855 1213 2911 et
1254 2841 1830 2934 quemadmodum

240 2955 447 3024 agere
494 2931 839 3025 oportebit
866 2957 888 3017 3
939 2945 1015 3002 ut
1063 2931 1379 3024 motinus
1419 2939 1840 3028 pronuntia-'

236 3025 423 3092 lione
453 3049 688 3094 vocem
728 3036 797 3094 et
836 3023 1234 3095 memoriam
1285 3037 1616 3096 exerceat.

334 3112 423 3184 11.
455 3121 559 3185 Ne
578 3116 735 3186 illos
762 3115 1040 3208 quidem
1067 3115 1669 3212 reprehendendos
1707 3141 1834 3210 pu-

236 3217 418 3291 tem,
444 3207 560 3300 qui
595 3205 876 3302 paulum
892 3207 1098 3278 etiam
1127 3206 1522 3301 palaestricis
1555 3234 1834 3280 vacave-

238 3297 582 3368 rint.Non
618 3299 700 3370 de
727 3299 833 3371 his
860 3297 1142 3393 loquor,
1181 3298 1430 3391 quibus
1475 3326 1628 3394 pars
1678 3301 1830 3372 vitae

236 3388 319 3462 in
354 3389 541 3482 oleo,
570 3417 729 3487 pars
752 3391 823 3464 in
849 3389 1507 3551 vmoconsumgug,
1544 3394 1662 3484 qui
1689 3418 1833 3464 cor·
