2175 3809
676 313 805 381 Du
855 306 1453 379 Affecti-mus.
1733 308 1861 408 ”⁷34¹

290 418 401 473 res
445 402 869 473 voluntatem
909 398 1313 493 complecti,
1347 420 1552 490 quam
1590 418 1873 464 nomina

292 490 476 563 inter
529 494 771 577 relari,
806 492 1216 561 maluerunt.

382 590 442 653 A
501 577 690 653 ectus
754 584 969 675 igitur
1029 582 1157 651 hos
1222 576 1652 661 concitatos,
1713 574 1870 681 illos

288 675 491 745 mites
534 689 734 768 atque
771 673 1184 766 compositos
1218 697 1366 741 >esse
1401 670 1760 753 dixerunt3
1799 694 1876 740 ιη

282 766 507 845 altero
565 765 1006 836 vehementer
1054 774 1428 835 commotos
1459 813 1476 847 ‚
1536 761 1608 828 in
1657 759 1874 828 altero

286 852 524 942 lenes;
569 856 865 949 denique
911 856 1039 925 hos
1084 850 1417 947 imperare
1447 904 1465 937 .,
1506 849 1661 957 illos
1705 876 1874 942 per-

287 948 575 1017 suadere
602 974 623 1031 ;
648 947 774 1017 hos
801 948 889 1017 ad
919 938 1505 1040 perturbationem
1532 996 1552 1029 ‚
1597 941 1749 1012 illos
1784 940 1896 1012 ad1

286 1038 841 1115 benevolentiam
887 1038 1318 1134 praevalere...
1849 1092 1854 1101 .

378 1131 669 1225 Propria
702 1144 927 1203 tamen
972 1132 1143 1203 mihi
1185 1134 1390 1222 hujus
1423 1125 1729 1199 nominis
1747 1150 1871 1195 *ex-

289 1223 648 1319 primenda
699 1237 939 1293 natura
993 1238 1135 1307 est,
1185 1236 1520 1317 quatenus
1559 1218 1872 1313 „appella-

287 1318 478 1387 tione
526 1316 670 1407 ipsa
726 1342 863 1385 non
929 1315 1094 1385 satis
1148 1312 1868 1407 significarividetur.

286 1418 454 1485 nvos,
484 1407 670 1499 quod
698 1406 1179 1499 intelligimus.,
1251 1404 1520 1498 uodque
1549 1431 1586 1473 a
1617 1410 1717 1489 (i)
1750 1402 1872 1473 do-

288 1497 604 1569 centibus
641 1484 1144 1581 desideramus',
1180 1430 1250 1567 id
1283 1497 1461 1581 erit,
1496 1494 1680 1589 quod
1711 1508 1869 1567 ante

284 1590 523 1659 omnia
553 1590 865 1661 bonitate
910 1589 1536 1673 commendabitur,
1569 1614 1711 1659 non
1749 1614 1874 1659 so-

286 1678 433 1747 lum
492 1682 655 1749 mite
711 1708 790 1751 ac
842 1682 1234 1773 placidum,
1295 1680 1418 1749 sed
1467 1680 1730 1773 plerum
1783 1708 1868 1751 ue

286 1769 621 1841 blandum
687 1784 753 1841 et
808 1771 1186 1842 humanum
1221 1823 1240 1855 .,
1303 1784 1371 1839 et
1427 1708 1870 1841 audientibus

286 1856 581 1933 amabile
624 1875 826 1955 atque
877 1860 1256 1959 juqundum
1300 1889 1314 1930 ε
1355 1862 1425 1931 in
1461 1888 1598 1954 quo
1631 1865 1872 1954 expri-

288 1954 542 2023 mendo
596 1981 855 2025 summa
906 1954 1124 2024 virtus
1183 1980 1260 2023 ea
1317 1966 1472 2039 est,
1534 1965 1609 2022 ut
1653 1952 1870 2033 fluere

288 2045 521 2114 omnia
552 2072 631 2114 ex
663 2059 908 2115 natura
941 2070 1170 2115 rerum
1215 2044 1709 2137 hominumque
1755 2042 1874 2114 vi·-

288 2132 585 2206 deantur
608 2191 627 2222 ‚
675 2164 809 2231 quo
864 2164 1085 2207 mores
1120 2136 1414 2205 dicentis
1449 2160 1530 2205 ex
1557 2136 1870 2206 oratione

287 2226 713 2317 pelluceant„
746 2241 814 2299 et
840 2226 1343 2323 quodammodo
1391 2241 1871 2321 agnoscantur.

385 2319 592 2403 Quod
643 2332 745 2387 est
784 2320 931 2389 sine
979 2318 1193 2388 dubio
1241 2318 1423 2387 inter
1469 2323 1871 2407 conjunctas

290 2407 576 2477 maxime
647 2434 971 2501 personas
1012 2463 1030 2495 ‚
1087 2409 1356 2502 quoties
1413 2411 1818 2502 perferimus
1852 2464 1872 2497 ‚

289 2497 707 2590 ignoscimus
726 2552 748 2587 ‚
774 2499 1226 2571 satisfacimus
1246 2554 1265 2585 ‚
1291 2528 1646 2573 monemus
1664 2555 1682 2589 ,
1715 2529 1873 2595 pro·

291 2589 403 2659 cul
434 2589 521 2659 ab
568 2592 671 2661 ira
697 2644 716 2675 ‚
757 2592 999 2685 procul
1042 2591 1132 2661 ab
1175 2577 1360 2661 odio.
1883 2660 1888 2667 .

380 2680 515 2749 Sed
555 2694 786 2751 tamen
822 2682 953 2753 alia
990 2682 1202 2775 patris
1244 2680 1566 2754 adversus
1598 2682 1818 2755 filium
1843 2739 1865 2768 ‚

286 2770 537 2840 tutoris
595 2771 917 2843 adversus
962 2772 1302 2867 pupillum
1346 2827 1364 2860 .‚
1423 2773 1652 2844 mariti
1738 2775 1873 2845 ad-

286 2886 538 2957 versus
572 2888 849 2932 uxorem
911 2863 1292 2957 moderatio
1357 2877 1479 2935 est.
1527 2866 1624 2935 Hi
1685 2868 1870 2939 enim

287 2979 424 3045 prae
481 2979 553 3023 se
600 2953 831 3023 ferunt
903 2982 1140 3027 eorum
1217 2982 1255 3025 a
1302 2955 1551 3044 quibus
1613 2956 1874 3028 laedun-

286 3058 441 3129 ων,
487 3045 935 3132 charitatem,
992 3072 1214 3139 neque
1260 3048 1398 3118 alio
1435 3046 1640 3117 modo
1695 3050 1874 3120 invi-

288 3162 399 3205 sos
450 3162 568 3207 eos
624 3134 937 3224 faciunt,
980 3164 1183 3231 quam
1232 3137 1420 3232 quod
1463 3165 1689 3216 amare
1732 3141 1872 3234 ipsi

354 3314 439 3382 (1)
466 3312 561 3364 Vel
584 3313 647 3362 ab
669 3310 737 3363 iis
762 3313 1056 3377 oratoribus,
1081 3314 1173 3380 qui
1210 3314 1244 3363 J
1249 3312 1444 3363 udicem
1472 3312 1650 3367 docere
1673 3332 1898 3377 nonan--⁶

281 3390 364 3431 tur
380 3398 393 3439 ς
410 3380 473 3429 ad
490 3378 629 3445 quod
642 3378 851 3431 leniores
876 3378 952 3427 illi
977 3378 1186 3429 affectus
1206 3380 1368 3429 valent
1388 3397 1398 3429 :
1419 3378 1494 3430 vel
1519 3399 1546 3429 a
1565 3383 1876 3449 praeceptori-

280 3446 373 3498 bus
387 3482 403 3512 ,
417 3444 473 3495 in
492 3444 673 3513 quibus
700 3445 783 3496 ina
800 3460 997 3497 morum
1016 3444 1224 3497 suavitas
1249 3446 1465 3497 maxime
1487 3447 1755 3509 necessaria
1781 3460 1870 3499 cst.

1439 3517 1583 3580 1³3
