2175 3809
393 125 426 152 Q

663 270 792 335 DE
857 270 1495 335 Naurum-iona.
1712 270 1843 338 ‘205

263 356 795 449 inte-lligant.1n
842 384 980 450 quo
1020 382 1269 449 genere
1320 358 1631 449 plurimis
1674 359 1847 451 figu-

265 451 367 519 ris
420 450 550 517 erit
583 449 908 517 varianda
970 453 1297 538 expositio
1324 501 1343 532 .,
1382 448 1467 517 ad
1520 450 1847 541 effugien-

267 540 434 608 dum
466 538 740 607 taedium
761 546 924 608 nota
953 540 1336 623 audientis,
1374 541 1577 609 sicut:
1607 541 1848 611 Memi-

263 634 458 710 m’sti;
488 643 555 699 et
582 684 600 714 ‚
636 626 944 701 bb'rtassc
991 656 1457 721 supervacuum
1468 630 1695 722 fuerit
1737 634 1846 704 hic

263 727 680 791 commorari.
721 724 857 792 Sed
916 724 1040 792 uid
1079 749 1201 813 ego
1236 723 1486 792 diutius
1508 776 1529 807 ‚
1566 749 1719 793 cum
1775 738 1844 794 tu

262 818 510 901 optime
539 818 723 882 noris
747 824 778 881 Ρ
810 814 874 883 Il
889 814 995 883 ⁴ud
1019 813 1215 906 quale
1238 818 1367 897 sil,
1403 826 1471 883 lu
1512 820 1709 885 scias·
1753 822 1845 887 Et

259 902 378 971 'his
411 904 682 973 similia.
710 905 1025 997 Alioqui,
1058 905 1115 973 si
1150 905 1332 999 apud
1365 906 1697 995 judicem,
1731 910 1843 979 cui

261 1008 432 1063 nota
467 1020 670 1064 causa
729 1010 860 1080 est,
906 1001 1207 1066 nartalz'o
1258 1008 1521 1089 semper
1569 998 1844 1069 videtur

264 1110 686 1177 supervacua
723 1140 742 1171 ‚
802 1100 1028 1179 potest
1088 1087 1307 1157 videri
1370 1114 1512 1157 non
1578 1116 1844 1183 semper

261 1201 410 1245 esse
443 1178 648 1247 etiam
685 1178 826 1270 ipsa
859 1183 1034 1249 actio
1063 1179 1465 1248 necessaria.
1528 1246 1539 1253 .

354 1274 440 1337 11.
461 1268 772 1338 Alterum
793 1282 914 1354 est,
941 1269 1024 1337 de
1053 1294 1189 1361 quo
1218 1268 1640 1361 frequentius
1666 1296 1845 1363 quae·

259 1358 464 1449 fitur,
495 1386 578 1429 an
599 1360 688 1451 sit
719 1360 952 1453 utique
975 1368 1273 1431 narratio
1292 1366 1603 1452 prozi’mio
1636 1362 1783 1450 subj
1795 1364 1843 1432 i-

261 1450 532 1520 cienda.
561 1452 768 1539 Quod
803 1452 916 1543 qui
949 1452 1363 1545 opinantur,
1392 1478 1530 1521 non
1559 1466 1845 1546 possunt

259 1540 485 1611 videri
550 1542 742 1613 nulla
819 1542 1083 1612 ratione
1162 1542 1375 1613 ducti.
1440 1550 1611 1614 Nam
1686 1572 1841 1615 cum

255 1640 639 1721 proaemium
677 1633 932 1703 idcirco
965 1637 1437 1727 comparatum
1464 1636 1549 1705 sit
1576 1689 1593 1719 ‚
1626 1650 1703 1705 ut
1736 1641 1841 1725 ju-

263 1724 396 1791 dex
423 1725 510 1793 ad
542 1751 692 1794 rem
719 1725 1183 1817 accipiendam
1222 1726 1342 1795 fiat
1368 1726 1840 1811 conciliatior,

263 1813 604 1899 docilior,
660 1829 728 1885 et
782 1816 1159 1900 intentior3
1205 1830 1271 1885 et
1314 1816 1627 1907 probatio
1654 1870 1672 1898 ‚
1707 1818 1843 1887 nisi

259 1930 471 1975 causa
506 1907 1036 1999 prius'cognita‚
1070 1930 1210 1975 non
1245 1906 1455 1999 possit
1486 1906 1841 1993 adhiberi3

261 1998 582 2089 protinus
617 1997 860 2069 notitia
895 2024 1123 2067 rerum
1174 1996 1615 2079 instruendus
1638 1997 1845 2067 vide-³

259 2100 403 2156 tur.
431 2090 565 2159 Sed
596 2090 728 2159 hoc
760 2116 1031 2183 quoque
1059 2088 1407 2159 interdum
1439 2100 1658 2159 mutat
1677 2096 1840 2159 con'-

259 2178 442 2261 ditio
474 2206 821 2250 causarum
853 2208 876 2251 .·
911 2181 1040 2251 nisi
1106 2181 1279 2251 sorte
1332 2188 1609 2251 Marcus
1668 2180 1843 2251 ‘Eul-

260 2270 404 2340 lius
446 2274 514 2340 in
563 2272 876 2341 oratione
924 2272 1422 2365 pulcherrima,
1470 2298 1670 2366 quam
1713 2296 1839 2379 pro

259 2362 532 2447 {Milone
575 2364 894 2455 scriptam
929 2364 1246 2457 reliquit,
1289 2364 1462 2433 male
1498 2364 1838 2435 distulisse

255 2459 710 2535 narrationem
777 2454 1049 2523 videtur
1082 2508 1099 2538 ,
1168 2454 1389 2523 tribus
1461 2456 1837 2547 praepositis

253 2546 810 2637 quaestionibus:
861 2559 978 2615 aut
1035 2546 1405 2651 profuisset
1452 2573 1784 2639 exponere
1814 2600 1835 2633 ‚
1912 2560 1933 2573 ²

257 2638 613 2729 quomodo
641 2637 926 2707 insidias
949 2637 1203 2708 Miloni
1237 2637 1503 2707 fecisset
1534 2638 1838 2721 Clodius,

265 2728 322 2796 si
359 2753 548 2797 reum
573 2783 590 2813 ‚
625 2729 738 2821 qui
770 2756 807 2797 a
842 2756 908 2797 se
941 2728 1288 2799 hominem
1339 2730 1634 2799 occisum
1672 2730 1838 2796 fate-

257 2832 486 2903 retur,
515 2820 786 2889 defendi
824 2822 1107 2891 omnino
1136 2821 1234 2890 fas
1263 2847 1401 2893 non
1425 2821 1657 2889 suisset
1677 2844 1697 2901 ;
1718 2830 1837 2887 aut

262 2909 318 2977 si
377 2915 510 2996 jam
537 2911 1094 3003 praejudicatione
1144 2925 1418 2981 senatus
1476 2910 1835 2979 damnatus

266 3014 445 3069 esset
466 3002 672 3073 Milo:
708 3015 824 3071 aut
843 3003 894 3071 si
917 3008 1042 3071 Cn.
1066 3004 1461 3097 PompeiUS‚
1482 2998 1593 3090 qui
1636 3024 1837 3090 prop-

263 3104 375 3159 ter
428 3093 724 3185 aliquam
768 3094 1052 3187 gratiam
1109 3094 1441 3185 judicium
1502 3086 1840 3159 militibus

265 3186 547 3253 armatis
567 3184 900 3256 clauserat
921 3240 939 3274 .,
969 3199 1291 3278 tanquam
1326 3180 1839 3283 adversus-exis-

266 3275 648 3345 timaretur.
703 3282 796 3345 Er
845 3283 884 3345 o
939 3277 1039 3345 hae
1106 3298 1375 3367 quoque
1438 3282 1838 3363 quaestiones

267 3365 406 3439 vim
431 3371 738 3458 'prooemii
759 3304 1209 3465 ofitinebcunt,
1231 3386 1382 3437 cum
1414 3388 1647 3435 omnes
1660 3362 1843 3458 judi·⁵
