2175 3809
454 321 584 398 DE
647 297 1483 400 monor-mmm.
1605 321 1763 432 ι,ειγ

179 418 605 514 ᾁυωεῒίοηεε,
633 444 922 514 quarum
954 419 1305 500 difficilior
1337 421 1469 489 alia
1496 429 1764 492 ratione

184 511 541 604 explicatio
574 525 713 594 est,
749 522 827 580 ut
861 510 943 580 de
974 512 1240 596 ratione
1263 509 1660 594 dividendi,
1681 509 1766 581 de
1832 559 1857 568 -

183 604 479 673 sectione
525 603 601 672 in
646 602 996 672 infinitum
1024 655 1053 702 2
1099 603 1185 673 de
1231 601 1581 672 celeritate
1627 624 1764 670 au-

184 694 411 786 gendi,
453 693 832 764 linearibus
863 691 1000 761 illis
1030 693 1568 786 probationibus
1591 692 1767 762 solvi

184 785 390 854 solere
425 810 449 872 3
484 797 561 855 ut
588 838 607 869 ‚
642 784 698 853 si
729 796 829 854 est
867 787 1123 855 oratori
1163 783 1383 880 (quod
1418 785 1764 878 proitimus

184 875 679 946 demonstrabit
710 875 926 960 liber)
963 875 1047 946 de
1080 876 1402 947 omnibus
1434 877 1634 946 rebus
1665 875 1766 946 di-

187 968 507 1054 cendum,
551 967 745 1038 nullo
787 966 992 1038 modo
1026 969 1173 1040 sine
1209 969 1583 1062 geometria
1614 993 1757 1038 esse

187 1062 384 1150 possit
421 1072 677 1128 orator.
770 1064 779 1072 '
998 1073 1002 1077 '
1549 1074 1558 1082 ’

179 1192 679 1224 vutsxaevtaextxsvtx
682 1190 1189 1223 xxxxtxtxmaeaexaevxaes
1194 1194 1310 1222 2222
1313 1189 1522 1223 ‘mxuma
1524 1191 1582 1224 '25
1585 1194 1761 1224 §xta-u

670 1287 723 1352 C
752 1287 815 1353 A
841 1290 896 1355 P
926 1291 989 1354 U
1020 1283 1087 1354 T
1181 1283 1272 1352 Χ.

291 1409 345 1468 1.
386 1409 685 1470 Petmdom
716 1412 1206 1490 pronuntiationem
1253 1410 1287 1471 d
1309 1427 1324 1441 ··
1341 1401 1628 1475 Comaedis.

294 1521 374 1582 II.
422 1521 629 1584 Gestae
678 1525 1065 1585 institutionem
1114 1525 1150 1584 ὰ
1197 1517 1546 1587 Pala-sericis.

186 1686 230 1751 1.
246 1645 609 1756 Daunum
637 1683 900 1778 aliquid
930 1683 1234 1756 comoedo
1255 1707 1560 1781 quoque,
1587 1684 1751 1762 dum‘

188 1787 513 1861 eatenus‚'
545 1802 678 1871 qua
718 1778 1216 1870 pronuntiandi
1255 1778 1607 1849 scientiam
1643 1781 1752 1850 su-

186 1878 365 1938 turus
400 1883 637 1940 orator
668 1867 1030 1938 desiderat.
1060 1875 1218 1938 Non
1253 1869 1437 1938 enim
1463 1895 1752 1962 puerum

190 1984 371 2051 quem
393 1963 469 2030 in
484 1959 1084 2044 hocinstituimuffi
1107 1974 1222 2030 aut
1243 1957 1551 2030 femineae
1563 1963 1750 2034 vocis

190 2051 478 2122 exilitate
536 2052 761 2145 frangi
806 2052 1005 2135 volo,
1054 2065 1173 2121 aut
1229 2053 1541 2123 seniliter
1597 2065 1752 2124 tre-

189 2168 377 2214 mere.
434 2151 579 2215 Nec
632 2142 803 2214 vitia
852 2143 1205 2214 ebrietatis
1257 2145 1579 2238 effingat,
1624 2172 1752 2218 nec

191 2235 404 2309 servili
452 2236 842 2306 vernilitate
876 2235 1224 2306 imbuatur
1253 2261 1276 2323 ;
1311 2263 1437 2308 nee
1462 2238 1710 2309 amoris
1731 2291 1750 2326 ,

191 2327 473 2398 avaritiae
495 2381 514 2412 ‚
552 2340 769 2398 metus
811 2326 1026 2398 discat
1061 2329 1417 2398 affectumz
1452 2355 1596 2422 quae
1633 2357 1755 2400 ne-

194 2445 313 2512 que
356 2419 616 2488 oratori
652 2432 812 2489 sunt
841 2419 1221 2488 necessaria
1253 2472 1271 2504 ‚
1309 2432 1377 2488 et
1407 2433 1702 2492 mentem
1729 2476 1752 2509 ‚

194 2510 374 2601 praeci
432 2535 518 2581 ue
573 2511 646 2580 in
692 2523 883 2580 aetate.
929 2509 1146 2603 prima
1183 2523 1483 2581 teneram
1530 2513 1756 2585 adhuc

194 2613 257 2670 et
291 2605 364 2672 ru
420 2627 573 2687 em,
624 2601 963 2672 inficiunt.
1012 2609 1186 2672 Nam
1234 2603 1553 2696 frequens
1601 2605 1756 2678 imi-

197 2693 351 2763 tatio
394 2692 643 2782 transit
689 2695 761 2762 in
803 2719 1045 2764 mores.
1078 2700 1180 2762 Ne
1213 2705 1441 2785 gestus
1474 2695 1753 2788 quidem

196 2785 403 2855 omnis
436 2811 517 2855 ac
548 2797 773 2856 motus
818 2811 857 2854 a
889 2783 1212 2855 comoedis
1243 2786 1577 2878 petendus
1626 2801 1748 2859 est.

192 2881 590 2970 Quanquam
661 2877 847 2946 enim
919 2888 1285 2969 utrumque
1358 2902 1592 2954 eorum
1662 2877 1752 2949 ad

190 2969 517 3058 quendam
564 2967 846 3038 modum
890 2979 1204 3060 praestare
1255 2966 1459 3038 debet
1489 2981 1752 3055 orator,

190 3057 549 3147 plurimum
607 3073 834 3130 tamen
888 3058 1109 3132 aberit
1168 3085 1204 3128 a
1255 3059 1524 3129 scenico
1556 3111 1573 3142 ‚
1623 3084 1750 3132 nec

188 3149 369 3219 vultu
402 3204 421 3235 ,
502 3177 630 3222 nec
696 3177 904 3222 manu
935 3205 954 3236 ‚
1024 3175 1152 3221 nec
1227 3148 1744 3222 excursionibus

188 3239 453 3310 nimius.
508 3249 723 3328 Nam,
776 3242 830 3313 si
874 3268 1005 3336 qua
1048 3242 1122 3311 in
1165 3239 1273 3310 his
1327 3265 1436 3308 ars
1482 3255 1585 3310 est
1623 3243 1744 3314 di-

188 3333 517 3491 ffiniam,
560 3361 640 3407 ea
699 3334 933 3429 prima·
956 3346 1055 3408 est
1083 3385 1104 3418 ,
1165 3357 1250 3400 ne
1305 3355 1412 3400 ars
1455 3357 1596 3404 esse
1629 3337 1748 3406 vi·-

234 3435 437 3497 eatur.
1369 3435 1374 3440 ’
1419 3437 1424 3444 ’

1925 846 1948 877 S

1959 2116 1974 2154 ἱ

2111 0 2120 102 -—⁴
