2175 3809
36 0 314 155 ss

49 210 114 257 N

491 314 2038 359 2258·ssssssUUSQ§25§ssssssssmssssssumssssssssssssssssm5m

548 463 663 548 M.
724 455 1072 546 FABII
1126 394 2027 567 QUINmTlLIANI'

1091 626 1157 692 V
1188 627 1219 691 I
1249 627 1315 691 T
1346 625 1430 689 A.

497 738 906 852 Mancus
949 770 1208 841 Fabius
1261 767 1739 859 Quintilianus
1791 772 2035 837 Romae

496 876 698 933 natus
730 876 831 933 est
863 892 879 933 ε
913 861 1164 955 quibus
1190 861 1603 934 Consulibus
1644 912 1665 946 ‚
1721 872 1837 929 aut
1892 884 2037 951 quo

497 953 877 1047 imperante
924 960 1181 1025 Caesare
1208 1006 1227 1037 ‚
1280 980 1421 1022 non
1467 950 1626 1044 legi.
1657 950 2057 1021 Verissima'

497 1049 891 1134 conjectura
919 1044 1227 1114 adducor
1244 1098 1263 1130 ‚
1296 1057 1372 1113 ut
1398 1044 1603 1113 fidem
1629 1042 1823 1112 libris
1844 1055 2039 1111 tems

546 1162 742 1206 orum
771 1162 908 1206 non
942 1135 1231 1205 habeam
1252 1188 1271 1221 ‚
1298 1136 1415 1205 ubi
1452 1134 1707 1228 legitur
1730 1132 2035 1222 Quinti,-

496 1162 724 1298 lianus
747 1227 1082 1319 Calagura
1104 1227 1275 1297 urbe
1296 1226 1649 1318 Hispaniae
1670 1222 2037 1293 oriundus,

497 1323 671 1389 Nam
697 1326 797 1389 M.
835 1319 1152 1389 Valerius
1193 1319 1534 1388 Martialis
1564 1314 2074 1407 calaguritani-

380 1440 388 1447 ·
499 1409 649 1503 agri
685 1410 1000 1479 alumnus
1026 1460 1044 1492 ‚
1079 1411 1235 1477 cum
1260 1409 1491 1477 Iberos
1544 1407 1873 1477 memoria
1926 1404 2039 1475 di·-

548 1524 672 1569 nos
707 1500 846 1569 suis
885 1498 1011 1589 Epi
1067 1499 1509 1567 rammatibus
1548 1496 2041 1581 inserat‚-nul-

499 1526 635 1659 Pam
669 1590 754 1659 'de
776 1525 1217 1679 (ξιιὶηῐίῗίειηο
1240 1588 1661 1659 mentionem
1684 1586 1849 1657 facit
1865 1640 1883 1670 ,
1912 1586 2043 1658 sed

499 1688 656 1751 eum
676 1680 1041 1774 separatim
1061 1705 1216 1749 cum
1234 1680 1673 1751 veneratione
1692 1677 2039 1751 nominat:

575 1852 908 1921 Quintiliane»
931 1869 1072 1921 vagae
1100 1852 1379 1903 moderator
1404 1853 1821 1922 summejuventoe
1838 1888 1857 1921 ,

575 1935 756 1989 Gloria
788 1936 1035 1987 Romane
1071 1934 1383 2004 Quintiliane
1408 1946 1554 2004 togae.

497 2090 590 2156 Et
620 2082 763 2175 ipse
797 2080 1004 2166 dicit,
1037 2082 1192 2151 cum
1220 2095 1393 2153 esset
1433 2082 1989 2155 adolescentulus
2019 2138 2045 2173 ,

499 2174 899 2267 cognovisse
947 2172 1335 2244 Domitium
1389 2175 1633 2245 Afrum
1691 2188 1760 2245 et
1808 2180 2041 2246 Sene-

500 2290 649 2335 cam
687 2264 852 2370 :.qui
881 2263 1081 2335 ambo
1114 2263 1241 2335 sub
1266 2270 1538 2337 Nerone
1574 2266 1860 2359 periere.
1914 2272 2041 2337 Se·-

499 2380 672 2426 neca
695 2380 768 2425 ln
801 2354 984 2425 libro
1028 2368 1214 2425 sexto
1249 2356 1665 2427 divisionum
1688 2410 1709 2441 ‚
1749 2356 2040 2445 Quinti-
2150 2362 2152 2401 ³

499 2446 670 2517 liani
703 2446 1181 2517 declamatoris
1212 2448 1562 2534 meminit,
1587 2452 1781 2539 cujus
1808 2446 2041 2521 adhuc

499 2550 733 2609 extant
788 2539 1016 2609 multae
1074 2536 1605 2609 declamationes
1679 2553 1890 2609 acutae
1964 2554 2042 2612 et

497 2628 739 2701 breves
773 2680 794 2715 ‚
843 2628 1570 2723 stylosaliquantulum
1620 2630 2041 2705 remissiore.
2148 2680 2150 2695 Α

498 2726 564 2791 Is
589 2746 754 2791 avus
803 2720 939 2791 fuit
991 2726 1090 2793 M.
1143 2720 1341 2793 Fabii
1396 2721 1817 2809 Quintiliani
1856 2723 2039 2815 :qui

498 2816 734 2883 Romae
804 2812 1039 2883 multis
1098 2811 1297 2881 annis
1372 2812 1793 2884 Rhetoricen
1874 2839 2073 2885 cums

501 2929 762 2974 summa
779 2902 982 2973 laude
1003 2902 1260 2973 docuit.
1281 2909 1369 2975 Et
1396 2905 1536 2997 ipse
1560 2904 1790 2974 rursus
1810 2904 2038 2992 Quin-

501 2994 784 3065 tilianus
810 2994 1227 3067 mentionem
1256 2995 1419 3066 facit
1439 2996 1679 3089 patris,
1728 2995 1843 3088 qui
1866 3021 2036 3065 cau-

501 3085 758 3157 sidicus
791 3085 921 3157 fuit
955 3086 1139 3181 apud
1174 3083 1828 3182 principem.Neque
1852 3087 2035 3157 noti·
2144 3138 2146 3173 :

501 3178 636 3265 tia,
671 3204 892 3272 neque
937 3178 1157 3274 gratia
1215 3180 1456 3256 caruit.
1501 3178 1887 3252 Domitiani
1920 3186 2026 3265 (1)
2144 3178 2146 3211 ²

569 3333 655 3401 (ι)
689 3334 916 3405 Intellige
935 3350 1137 3407 nepotes
1162 3338 1339 3391 sororis
1359 3320 1660 3391 Domitiani.
