2175 3809
363 228 494 293 180
957 222 1153 289 Lux.
1210 218 1348 289 IV.
1992 276 1997 287 .

359 309 616 383 sororis
653 335 786 380 suae
843 317 942 396 (Ι)
997 322 1329 402 nepotum
1364 308 1781 402 delegaverit
1812 308 1943 381 cti-³

363 428 532 488 ram,
562 428 700 471 non
723 404 884 473 satis
912 404 1247 471 honorem
1270 402 1682 489 judiciorum
1705 408 1802 486 (2)
1820 428 1946 471 coe-

363 495 648 565 lestium*
667 492 1068 585 intelligam,
1098 493 1329 561 nisiex
1350 494 1479 563 hoc
1500 519 1769 585 quoque
1793 516 1947 561 one-

365 586 463 670 ris
489 584 1032 677 magnitudinem
1059 583 1321 653 metiar.
1354 584 1526 669 Quis
1561 584 1745 653 enim
1777 582 1948 653 mihi

373 691 492 747 aut
557 702 776 747 mores
841 674 1197 745 excolendi
1260 674 1629 744 sit-modus
1662 726 1681 758 ‚
1720 687 1796 741 ut
1840 698 1952 741 eos

369 768 548 839 -n'on'
592 766 932 837 immerito
1011 764 1408 871 probaverit
1493 763 1961 834 sanctissimus

369 884 619 929 censor
646 868 671 929 ἓ
699 872 816 927 aut
851 856 1076 926 studia
1096 909 1118 943 ,
1142 882 1227 928 ne
1265 856 1584 928 fefellisse
1621 856 1692 925 in
1724 854 1833 924 his
1856 854 1954 925 vi-

377 950 546 1021 dear
567 950 945 1041 principem
964 1002 982 1034 ‚
1011 961 1088 1017 ut
1123 948 1191 1017 in
1219 946 1537 1019 omnibus
1556 1000 1575 1031 ‚
1605 946 1803 1015 ita'in
1824 946 1956 1015 elo-

347 1040 666 1134 “quentia
711 1066 986 1133 quoque
1051 1036 1717 1109 eminentissimum?
1752 1036 1956 1125 Quod

383 1133 439 1203 si
477 1132 678 1203 ne'mo
705 1132 992 1201 miratur
1021 1140 1259 1223 poetas
1297 1128 1636 1204 maximos
1656 1152 1829 1221 saepe
1864 1128 1962 1197 fe·-

385 1224 556 1293 cisse
573 1276 592 1309 ‚
619 1235 694 1291 ut
727 1248 868 1293 non
889 1222 1107 1291 solum
1137 1220 1355 1291 initiis
1380 1245 1663 1312 operum
1684 1242 1961 1289 suorum

381 1322 621 1385 Musas
685 1316 1123 1397 invocarent,
1168 1312 1286 1381 sed
1332 1312 1631 1402 provecti
1688 1335 1961 1403 quoque

379 1404 702 1497 longius,
755 1431 909 1475 cum
941 1404 1030 1473 ad
1079 1403 1375 1495 aliquem
1423 1402 1802 1495 graviorem
1852 1427 1965 1471 ve-

381 1496 656 1567 nissent
699 1496 962 1578 locum,
997 1508 1383 1585 repeterent
1416 1507 1609 1577 vota,
1670 1507 1737 1563 et
1777 1492 1965 1562 velut

383 1612 567 1657 nova
605 1587 996 1675 precatione
1033 1598 1391 1653 uterentur
1427 1584 1639 1654 :mihi
1692 1608 1964 1687 quoque

385 1678 699 1769 profecto
735 1675 985 1767 poterit
1021 1676 1323 1767 ignosci,
1360 1676 1457 1759 si,
1494 1676 1677 1767 quod
1717 1676 1913 1743 initio
1944 1726 1967 1761 ‚

385 1793 604 1860 quum
649 1768 943 1859 primum
987 1766 1163 1861 hanc
1200 1768 1551 1837 materiam
1601 1766 1971 1851 inchoavi,

388 1886 534 1930 non
587 1858 902 1943 fecerim,
967 1884 1154 1927 nunc
1205 1884 1439 1927 omnes
1508 1858 1581 1927 in
1640 1858 1968 1926 auxilium

394 1950 562 2021 deos
591 2004 610 2033 ‚
667 1950 1022 2055 ipsumque
1091 1950 1163 2018 in
1217 1950 1485 2041 primis,
1556 1975 1691 2041 quo
1749 1974 1967 2041 neque

391 2053 797 2134 praesentius
831 2040 1019 2109 aliud
1036 2094 1052 2123 ,
1075 2066 1296 2146 neque
1316 2040 1560 2109 studiis
1580 2040 1791 2132 m'agis
1814 2051 1971 2131 ‘pro-

393 2134 662 2226 pitium
710 2158 962 2201 numen
999 2144 1139 2215 est,
1192 2156 1541 2215 invocem3
1590 2144 1705 2215 ut,
1764 2156 1969 2222 quan-

393 2235 544 2291 tum
579 2221 778 2290 nohis
823 2221 1343 2313 exspectationis
1362 2222 1647 2311 adjecit,
1706 2229 1967 2291 tantu'm

373 2312 664 2408 ¹ingenii
692 2312 1037 2405 adspiret,
1073 2313 1439 2406 dexterque
1488 2339 1567 2382 ac
1594 2314 1830 2383 volens
1863 2312 1970 2383 ad-

371 2404 527 2507 sit,
576 2416 643 2473 et
674 2410 778 2473 me
805 2456 822 2489 ,
857 2402 1129 2495 'qualem
1174 2430 1314 2473 esse
1364 2404 1696 2490 credidit,
1747 2406 1970 2475 faciat.

487 2506 900 2608 Cujusmihi
937 2512 1298 2604 religionis·
1329 2538 1469 2581 non
1504 2512 1648 2582 haec
1675 2512 1827 2583 sola‘
1852 2538 1969 2583 ra-

469 2703 492 2771 (
507 2702 565 2771 1)
591 2702 879 2764 Dumium,
909 2719 1044 2752 soror
1083 2702 1395 2766 Domitiani,
1434 2702 1611 2752 fiiliam
1639 2704 1817 2757 habuit
1850 2705 1971 2761 Ful-

403 2769 536 2820 viam
571 2768 882 2817 Domitillam
905 2806 924 2833 ,
959 2786 1066 2835 quae
1100 2770 1269 2835 nupsit
1300 2768 1474 2817 Flavio
1502 2770 1777 2836 Clementi,
1800 2788 1979 2831 conso?

365 2848 370 2853 '
398 2836 546 2887 brino
579 2834 894 2897 Domitiani,
929 2852 993 2883 ex
1027 2850 1130 2899 quo
1166 2834 1379 2901 suscepit
1410 2834 1533 2883 duos
1568 2834 1731 2892 filios,
1766 2852 1975 2903 quorum

397 2920 512 2952 cura
542 2900 804 2950 commissa
849 2911 920 2947 est.
944 2900 1119 2950 Fabio.
1157 2900 1314 2953 Erant
1351 2900 1507 2965 igitur
1536 2902 1736 2968 proprie
1781 2914 1977 2969 nepotes

397 2969 576 3017 sororis
614 2964 929 3031 Domitiani,
954 2981 1058 3014 non
1082 3003 1101 3031 ,
1125 2976 1181 3015 ut
1204 2966 1465 3017 Turnebus
1494 2977 1633 3034 putat
1648 3005 1664 3033 ,
1690 2979 1895 3035 nepotes
1912 2984 1977 3015 ox·

392 3048 558 3083 soture
1384 3058 1389 3067 ·

465 3145 564 3214 (a)
593 3149 843 3198 Honorem
865 3144 1044 3211 judicii
1076 3146 1215 3213 quod
1248 3147 1309 3197 de
1333 3166 1413 3197 me
1447 3146 1557 3195 tulit
1577 3148 1715 3197 Deus
1734 3147 1977 3198 Domitia-

397 3228 508 3260 nus.
546 3212 708 3277 Impia
747 3212 978 3263 adulatio.
1015 3212 1205 3263 Laudat
1241 3226 1295 3262 ut
1330 3230 1584 3263 censorem
1618 3214 1979 3263 sanctissimum

389 3273 510 3389 {1133
512 3289 598 3389 διὲξ
601 3280 774 3389 geum
790 3315 805 3345 ,
825 3296 978 3347 quem
995 3280 1060 3337 ob
1083 3278 1320 3331 nefandas
1336 3278 1576 3331 libidines
1594 3295 1751 3331 nemo
1772 3296 1878 3331 non
1896 3280 1985 3331 ah-
