2175 3809
349 192 491 269 256
731 198 915 265 Lm.
964 199 1048 263 V.
1096 197 1283 261 cn.
1331 197 1509 262 vn.

383 346 390 357 .
445 296 535 373 At
566 286 619 355 si
651 284 877 379 (quod
907 283 1204 353 secundo
1234 284 1381 373 l’oco
1408 282 1743 369 diximus)
1774 304 1943 353 fresa

355 378 490 449 ciat
531 390 754 461 actor,
782 376 946 468 quid
975 375 1302 466 propositi
1349 375 1538 442 testis
1565 375 1925 459 attulerit3

350 467 686 561 paulatim
710 520 728 549 ,
767 479 839 550 et
868 472 895 549 (
922 478 997 533 ut
1029 464 1281 533 dicitur
1308 472 1335 549 )
1372 463 1789 555 pedetentim
1822 464 1929 533 in-

351 557 768 649 ter-rogando
815 554 1201 645 experietur
1252 554 1554 623 animum
1612 559 1801 643 ejuS,
1860 567 1930 623 et

355 648 442 717 ad
485 648 554 717 id
605 640 1261 739 responsum‚'quod
1303 644 1715 713 eliciendum
1756 646 1938 736 erit,-

353 762 480 831 per
517 737 764 829 gradus
809 734 1032 804 ducet.
1060 734 1191 804 Sed
1232 732 1391 825 quia
1424 760 1927 826 nonnunquam

355 826 657 896 sunt‘hae
693 850 962 919 quoque
1005 825 1277 893 testium
1309 837 1483 893 artes
1510 877 1529 910 ‚
1576 836 1651 892 ut
1702 826 1925 913 primo

355 917 442 985 ad
478 917 900 986 voluntatem
941 914 1441 1006 respondeant,
1483 941 1615 1006 quo
1667 920 1923 1003 majore

355 1006 490 1083 fide
521 1007 784 1077 diversa
828 1017 1058 1097 postea
1106 1006 1385 1089 dicant3
1428 1018 1525 1073 est
1558 1018 1923 1073 accusato-

355 1098 450 1187 ris
488 1150 507 1181 ‚
571 1108 957 1189 suspectum
1014 1108 1255 1183 testem
1290 1146 1309 1178 ,
1366 1094 1527 1163 dum
1594 1095 1918 1187 prodest,

353 1188 720 1257 dimittere.
1278 1188 1280 1191 ⁴
1644 1249 1653 1256 .
1764 1252 1771 1255 ,

449 1285 548 1364 (1)
583 1284 1036 1347 patronorum
1066 1274 1138 1343 in
1173 1284 1360 1366 parte
1388 1273 1770 1365 expeditior
1792 1328 1812 1358 ,
1846 1275 1917 1345 in

401 1376 542 1438 arte
569 1368 916 1438 difficilior
936 1365 1380 1455 interrogatio
1407 1377 1528 1434 est.
1548 1364 1918 1435 Difficilior

351 1394 513 1543 linc,
541 1458 726 1550 quod
759 1483 910 1527 raro
934 1480 1229 1549 unquam
1256 1469 1539 1547 possunt
1558 1468 1715 1525 ante
1740 1456 1919 1545 judi.-

353 1548 534 1617 cium
563 1547 764 1630 scire,
785 1548 952 1638 quid
972 1544 1157 1615 testis
1188 1544 1494 1614 dicturus
1514 1546 1921 1651 sit.Expedi-

351 1637 520 1722 tior,
595 1636 760 1721 uod,
783 1662 934 1705 cum
957 1634 1483 1726 interrogandus
1505 1649 1634 1721 est,
1654 1650 1914 1726 sciunt,

353 1728 522 1821 quid
604 1728 818 1797 ixerit.
844 1733 1074 1819 Itaque
1114 1724 1184 1795 in
1218 1751 1298 1795 eo
1323 1778 1340 1811 ‚
1376 1726 1559 1818 quod
1584 1727 1919 1797 incertum

353 1832 498 1904 est,
555 1844 716 1887 cura
765 1831 832 1887 et
883 1815 1329 1909 inquisitione
1386 1842 1555 1907 opus
1590 1830 1726 1903 est,
1770 1818 1919 1909 quis

351 1934 545 1979 reum
587 1921 890 2013 premat,
949 1933 1115 2000 quas
1151 1920 1235 1990 ,et
1283 1906 1532 1999 quibus
1574 1933 1653 1976 ex
1698 1909 1919 1977 causis

352 1999 750 2073 inimicitias
776 1998 1020 2067 habeat
1038 2022 1068 2083 3.
1086 2022 1297 2089 eaque
1324 1998 1395 2087 in
1422 1998 1733 2067 oratione
1763 2025 1919 2090 prae-
1996 2078 2003 2083 ,

351 2086 642 2159 dicenda
683 2102 882 2180 atque
917 2086 1302 2158 amolienda
1335 2100 1538 2173 ‘sunt3
1572 2088 1712 2158 sive
1757 2090 1916 2163 odio

351 2180 682 2247 conflatos
714 2191 952 2261 testes.,
982 2178 1123 2269 sive
1158 2178 1456 2263 invidia,
1490 2178 1628 2249 sive
1660 2179 1918 2283 gratia,

351 2268 491 2339 sive
536 2269 826 2360 pecunia
858 2267 1074 2355 videri
1109 2268 1445 2337 volumus.
1474 2274 1604 2354 Et,
1652 2295 1707 2338 ει
1750 2268 1919 2350 defi-

348 2358 572 2444 ciet-ur
611 2370 896 2427 numero
937 2383 1089 2449 pars
1124 2358 1386 2447 diversa
1414 2412 1433 2442 ‚
1464 2359 1915 2451 paucitatem3

329 2448 406 2517 .si
439 2448 854 2537 abundabit,
886 2448 1499 2540 conspirationem3
1534 2450 1588 2518 si
1622 2449 1918 2519 humiles

347 2538 718 2632 producet,
751 2535 1080 2608 vilitatem
1110 2564 1131 2624 ;
1160 2539 1213 2607 si
1246 2552 1560 2631 potentes
1582 2593 1601 2623 ,
1630 2541 1917 2633 gratiam

346 2628 694 2721 oportebit
743 2629 1101 2723 incessere.
1151 2630 1311 2699 Plus
1346 2642 1571 2699 tamen
1610 2630 1919 2723 proderit:

351 2744 584 2809 causas
620 2771 650 2807 ‚,
693 2732 972 2811 propter
1020 2744 1188 2812 quas
1236 2746 1427 2789 reum
1474 2721 1769 2813 laedant,
1811 2746 1917 2791 ex-

347 2835 658 2901 ponere:
709 2835 854 2903 qupe
903 2822 1064 2884 sunt
1108 2810 1348 2893 variae,
1395 2822 1461 2880 et
1511 2837 1633 2903 pro
1684 2808 1923 2881 condi-

315 2901 536 2971 tione
573 2904 898 2993 cujusque
929 2900 1109 2984 litis,
1150 2912 1269 2969 aut
1318 2901 1705 3005 litigatoris,
1746 2910 1916 2985 Nam

349 3005 588 3059 contra
632 2989 747 3060 illa
787 3042 808 3075 ,
865 3016 1010 3083 quae
1057 3016 1261 3081 supra
1317 2992 1651 3071 diximus,
1710 2990 1913 3061 simili

346 3082 614 3150 ratione
641 3080 1034 3173 responderi
1057 3078 1220 3151 locis
1236 3083 1681 3152 communibus
1706 3083 1875 3152 solet
1890 3107 1915 3167 3

341 3171 503 3260 quia
527 3171 692 3240 etin
730 3172 962 3263 paucis
995 3184 1195 3264 atque
1229 3172 1606 3244 humilibus
1642 3198 1913 3272 accusa-¹

413 3292 477 3357 (ι
502 3292 649 3375 pne
676 3306 907 3361 patronus
935 3297 1205 3365 opponitur
1230 3296 1517 3365 accusatori..
