2175 3809
359 301 449 351 20
785 284 993 350 -L113.
1041 283 1096 350 1.
1146 283 1328 350 cst.
1377 285 1477 351 II.

279 405 288 412 ·
357 372 620 440 minum
647 375 793 460 ejus
839 372 1084 457 aetatis,
1138 399 1285 464 quae
1319 373 1405 442 sit
1437 371 1705 442 advitia
1725 368 1941 438 maxi-
2010 421 2015 440 .

358 488 464 532 me
491 487 705 555 prona
722 488 742 548 3
771 463 951 554 unde
979 489 1213 547 causas
1238 465 1540 555 turpium
1567 462 1939 544 factorum,

361 579 532 644 saepe
588 554 935 639 extitisse,
1001 554 1266 624 utinam
1301 555 1469 624 falso
1517 559 1891 646 jactaretur
1934 559 1951 618 t

357 649 676 730 alteram,
711 645 926 738 quod,
967 644 1281 739 quisquis
1332 645 1615 715 futuru's‘
1652 655 1754 712 est
1815 641 1941 722 ille
2119 687 2125 722 a

356 748 772 828 praeceptors‚
811 735 1167 807 liberalius
1196 749 1500 830 tempora
1527 761 1647 804 sua
1673 735 1943 826 impen-

353 852 554 897 surus
585 827 706 896 uni
742 827 1016 898 videtur
1040 882 1058 913 ‚
1089 853 1295 922 quam
1323 829 1377 897 si
1416 828 1653 898 eadem
1685 825 1755 894 in
1790 823 1943 918 plu-

353 943 462 986 res
501 918 862 1011 partiatur.
904 921 1107 990 Prior
1146 946 1349 991 causa
1381 945 1657 1011 prorsus
1690 915 1941 1008 gravis.

352 1014 526 1078 Nam
547 1062 566 1092 ,
602 1009 657 1079 si
691 1010 934 1080 studiis
965 1011 1242 1104 quidem
1278 1009 1543 1081 scholas
1574 1007 1897 1101 prodesse
1919 1060 1941 1093 ‚

351 1101 658 1170 moribus
707 1114 935 1170 autem
983 1126 1231 1172 nocere
1268 1113 1655 1183 constaret,
1704 1098 1945 1191 potior

251 1263 256 1266 ,
354 1189 526 1260 mihi
573 1193 771 1286 =ratio
832 1193 1107 1262 vivendi
1172 1193 1457 1286 honeste
1483 1245 1502 1278 ‚
1576 1217 1777 1284 quam
1828 1188 1941 1259 vel

355 1283 612 1374 optime
660 1283 937 1354 dicendi
989 1284 1364 1354 videreturq
1398 1283 1531 1355 Sed
1569 1307 1717 1352 mea
1772 1281 1946 1375 qui-

354 1373 509 1443 dem
564 1375 950 1459 sententia,
1007 1380 1239 1464 juncta
1288 1377 1415 1445 ista
1462 1387 1664 1466 atque
1722 1371 1942 1442 indis-

353 1478 538 1536 creta
605 1479 784 1534 sunt.
835 1473 1074 1558 Neque
1121 1466 1303 1535 enim
1356 1491 1497 1536 esse
1548 1477 1935 1550 oratorem,

352 1555 485 1624 nisi
507 1555 777 1643 bonum
798 1555 1015 1625 virum
1043 1610 1060 1641 ‚
1086 1557 1319 1644 judico
1342 1583 1365 1642 3
1397 1569 1467 1626 et
1506 1555 1652 1624 fieri
1675 1608 1693 1641 ‚
1726 1555 1942 1627 etiam

333 1647 408 1716 si
445 1659 706 1740 posset,
748 1647 932 1720 nolo.
965 1653 1072 1716 De
1118 1647 1247 1718 hac
1279 1659 1349 1718 η
1383 1647 1598 1739 igitur
1629 1646 1842 1738 priuS.

429 1764 456 1808 1
473 1793 488 1806 .
503 1740 862 1833 Corrumpi
891 1765 1111 1810 mores
1128 1739 1196 1808 in
1214 1737 1463 1810 scholis
1528 1751 1759 1823 uiant}
1777 1763 1943 1809 nam

349 1841 420 1900 et
457 1843 991 1925 corrumpuntur
1025 1830 1300 1902 interim
1334 1858 1348 1900 :
1383 1857 1453 1900 se
1534 1829 1719 1898 domi
1748 1855 1943 1923 quo-

350 1947 529 2015 que,
573 1935 640 1992 et
675 1937 834 1992 sunt
859 1922 1072 1994 multa
1100 1926 1245 2014 ejus
1276 1923 1375 1992 rei
1414 1921 1749 2014 exempla,
1794 1933 1939 1992 tam

350 2012 518 2082 laesae
543 2013 768 2084 hercle
789 2067 807 2098 ‚
833 2039 1037 2118 quam
1063 2026 1476 2096 conservatae
1510 2011 1939 2082 sanctissime

348 2103 718 2198 utrobique
751 2103 1123 2196 opinionis.
1158 2110 1419 2172 Natura
1450 2109 1779 2197 cujusque
1812 2115 1943 2173 to·-

345 2207 496 2264 tum
517 2207 678 2264 cura
729 2219 814 2264 ue
842 2194 1072 2263 distat.
1111 2199 1222 2263 Da
1260 2207 1556 2264 mentem
1586 2195 1671 2264 ad
1698 2199 1943 2288 pejora

348 2285 619 2356 facilem
645 2221 782 2368 ,iia
814 2283 1305 2378 negligentiam
1342 2286 1679 2360 formandi
1714 2299 1941 2356 custo-

349 2375 720 2470 diendique
757 2376 832 2447 in
881 2390 1075 2447 aetate
1134 2378 1355 2471 prima
1408 2378 1692 2471 pudoris
1724 2402 1749 2463 3
1788 2403 1936 2448 non

347 2468 685 2538 minorem
711 2467 990 2562 flagitiis
1016 2471 1444 2539 occasionem
1480 2481 1739 2540 secreta
1768 2495 1941 2560 prae-

347 2557 647 2630 buerint.
679 2566 854 2630 Nam
885 2573 956 2630 et
987 2586 1129 2630 esse
1164 2573 1386 2653 potest
1410 2561 1633 2653 turpis
1668 2561 1937 2630 domes-

344 2650 527 2720 ticus
563 2650 676 2720 ine
711 2664 1086 2744 praeceptor
1111 2703 1130 2736 v
1162 2677 1291 2722 nec
1330 2652 1546 2722 tutior
1578 2652 1760 2722 inter
1788 2677 1937 2723 ser-

346 2767 468 2811 vos
499 2742 749 2827 malos,
783 2767 984 2835 quam
1020 2743 1357 2836 ingenuos
1392 2769 1633 2836 parum
1666 2743 1936 2830 modes-

345 2845 454 2903 tos
487 2835 911 2904 conversatio
947 2847 1068 2903 est.
1108 2839 1203 2904 At·
1246 2835 1301 2905 si
1342 2834 1522 2914 hona
1559 2834 1773 2926 ipsius
1821 2835 1935 2904 in—

349 2921 577 3009 doleS‚
613 2926 838 2996 sinon
871 2951 1044 2996 caeca
1069 2952 1149 2996 ac
1174 2926 1395 3018 sopita
1430 2938 1791 3019 parentum
1826 2951 1939 2996 so·-

350 3015 581 3086 cordia
619 3029 758 3102 est,
819 3027 888 3085 et
919 3030 1399 3108 praeceptorem
1431 3017 1691 3120 eligere
1718 3041 1939 3088 sanc-

348 3107 688 3177 tissimum
743 3131 1079 3201 quemque
1142 3113 1379 3199 (cujus
1431 3110 1528 3179 rei
1558 3107 1937 3202 praecipua

320 3198 805 3292 vrudentibus
835 3225 996 3270 cura
1028 3207 1166 3284 est)
1190 3213 1257 3268 et
1277 3199 1747 3293 di·sciplinam‚·
1776 3215 1931 3296 (μεθ’

347 3287 633 3362 maxime
667 3315 896 3358 severa
931 3290 1139 3361 fuerit
1164 3344 1183 3377 ‚
1220 3290 1424 3374 licet3
1474 3304 1541 3361 et
1570 3289 1947 3361 nihiiomi‘ss·

349 3403 480 3450 nus
531 3378 821 3450 amicum
865 3407 1139 3474 gravem
1187 3382 1449 3467 virum,
1486 3393 1605 3477 aut
1648 3379 1927 3456 fidelem
