2175 3809
309 376 401 425 1¹¹.

297 436 411 493 Qun

299 511 430 553 apoc-

310 564 412 603 tent

297 616 420 663 hanc

265 676 432 723 editio·

267 750 377 781 nem
392 738 474 784 Fa-

301 794 386 844 bii.

384 1052 395 1059 ‘
433 1058 438 1065 ι

487 282 634 367 xxvi
959 282 1555 350 ΡιιΔέἙΛα-ιο.

491 416 505 423 -
581 373 720 460 Qut
763 368 976 463 igitur
1005 372 1297 463 contigit
1324 383 1445 441 tot
1484 371 1743 443 clarum
1791 364 2023 439 titulis

487 476 834 533 auctorem
858 513 879 546 ‚
917 462 1127 533 fuisse
1154 463 1485 533 hactenus
1516 462 1685 533 etin
1720 457 2022 554 puhlicis

487 554 753 625 scholis
803 555 992 623 velut
1030 554 1371 648 hospitem
1408 580 1487 625 ac
1530 551 1969 647 peregrinum
1996 600 2025 633 ‚

491 658 558 715 et
586 646 658 715 in
685 658 1079 716 caeterorum
1114 645 1469 717 hominum
1496 645 1813 715 manibus
1842 640 2021 721 adeo

489 737 1041 829 infrequentem?
1065 744 1224 807 Non
1258 740 1421 807 sane
1454 736 1753 807 incusari
1792 741 2028 827 potest

489 828 619 899 nec
653 829 727 898 in
767 828 1108 921 magistris
1140 829 1571 923 negligentia
1592 828 1699 899 sui
1752 824 1961 897 officii
1996 873 2023 907 ,

487 920 726 989 necin
758 919 912 990 aliis
970 919 1238 990 incuria
1308 944 1533 991 rerum
1577 919 2024 1013 optimarum.

486 1016 855 1104 Nunquam
877 1012 1054 1081 forte
1073 1012 1299 1081 acrius
1322 1014 1525 1104 quam
1544 1036 1731 1081 nunc
1756 1010 1831 1081 in
1846 1013 2029 1079 Aca-

485 1102 711 1175 demia
739 1102 1107 1173 Parisiensi
1132 1103 1361 1173 studia
1388 1104 1753 1197 viguerunt
1780 1128 1795 1171 2
1824 1098 2027 1171 nulla

481 1206 640 1265 aetas
675 1199 876 1287 quam
914 1207 1150 1265 nostra
1180 1195 1312 1265 fuit
1344 1195 1727 1265 litterarum
1776 1205 2027 1283 etpo-

484 1285 738 1356 litioris
767 1286 1213 1357 humanitatis
1244 1284 1637 1357 studiosior.
1662 1292 2028 1377 -Imputan-

481 1375 648 1447 dum
677 1377 849 1447 illud
882 1376 1010 1469 ipsi
1043 1377 1459 1462 Fabio‚.nec
1492 1377 1661 1449 vitio
1685 1374 2021 1447 dandum.

507 1510 514 1521 ·
575 1472 966 1538 Occurrunt
1005 1467 1078 1535 in
1106 1472 1251 1555 ejus
1288 1468 1561 1559 seriptis
1592 1468 1697 1537 vel
1733 1466 1818 1537 ab
1864 1466 2023 1555 ipso

483 1558 691 1628 initio
727 1570 828 1627 tot
863 1556 1139 1627 salehrae
1172 1571 1243 1627 et
1270 1559 1668 1651 asperitates
1692 1610 1711 1640 ‚
1736 1559 1827 1629 ad
1848 1582 2025 1649 quas

481 1662 580 1719 sta
592 1649 710 1718 tim
734 1649 922 1718 velut
947 1648 1032 1717 ad
1065 1648 1725 1742 scopulumjectoris
1746 1650 2025 1719 animus

346 1780 356 1787 ·
418 1758 424 1767 ·
479 1740 810 1825 offendit,
845 1752 920 1808 ut
955 1739 1203 1810 mirum
1238 1766 1383 1813 non
1408 1740 1511 1847 sit·
1530 1740 1889 1835 plerosque
1916 1739 2025 1813 ab

481 1832 762 1902 iliorum
823 1830 1119 1903 lectione
1184 1832 1539 1904 deterreri.
1595 1831 1969 1903 Rhetorica
1994 1882 2019 1913 ‚

479 1926 600 1995 cui·
635 1950 758 2017 per
789 1923 1123 2016 plurimos
1170 1950 1389 1995 annos
1526 1948 1711 1995 eram
1752 1922 2025 1995 dabant

477 2019 806 2105 iuvenes,
859 2015 960 2083 sic
1010 2015 1153 2083 fere
1186 2016 1276 2085 ·in
1324 2014 1491 2084 scho
1520 2014 1575 2085 is
1630 2013 1813 2107 apud
1859 2012 2025 2083 illos

479 2105 938 2189 tractabatur,
989 2118 1064 2173 ut
1096 2104 1263 2174 olim
1316 2104 1505 2197 apud
1541 2130 1667 2179 nos
1698 2104 2025 2179 Philoso-

477 2196 667 2290 phia.
709 2198 879 2267 Cfim
911 2208 1080 2265 tunc
1104 2197 1317 2271 multa
1348 2210 1521 2271 esset
1546 2197 1729 2267 inter
1754 2195 2025 2271 Rheto-

481 2314 590 2358 res
621 2287 705 2357 de
735 2299 878 2357 arte
915 2285 1190 2357 dicendi
1236 2289 1699 2361 controversia
1744 2300 2025 2359 senten-

481 2380 868 2472 tiarumque
900 2377 1189 2450 varietas
1210 2431 1229 2465 ‚
1252 2391 1323 2449 et
1352 2379 1425 2449 in
1452 2404 1765 2474 magnam
1783 2404 2023 2455 rerum

480 2470 892 2541 tenuitatem
941 2470 1497 2557 descenderent4
1562 2496 1799 2545 eorum
1846 2496 2023 2561 prae-

482 2561 1006 2653 ceptisiner-ant
1042 2561 1427 2633 necessario
1453 2560 1761 2653 plurimae
1796 2561 2023 2632 subti-

480 2651 742 2739 litates,
767 2676 916 2746 quae
954 2678 1145 2723 nunc
1166 2677 1309 2723 non
1351 2666 1635 2746 possunt
1658 2652 2019 2729 fastidium

478 2762 623 2815 non
656 2768 948 2815 movere.
975 2750 1309 2815 Praeterea
1332 2744 1548 2815 multa
1566 2757 1727 2813 sunt
1745 2744 2023 2818 abstru-

480 2836 662 2906 siora
695 2848 765 2905 et
805 2835 1240 2921 difficiliora,
1292 2862 1443 2929 quae
1487 2849 1565 2906 ut
1608 2861 1731 2930 per
1770 2862 2020 2907 omnes

478 2952 802 2999 numeros
815 2927 1090 3021 penitus
1118 2951 1559 3021 cognoscere,
1572 2926 1659 2999 ad
1678 2952 2019 3001 summam

480 3020 782 3091 scientiae
815 3031 984 3089 tunc
1009 3019 1467 3089 necessarium
1492 3030 1635 3089 erat
1652 3070 1671 3103 ‚
1706 3019 1799 3089 ita
1819 3044 2019 3091 nuno

341 3139 344 3147 ·
387 3140 392 3143 ·
481 3109 978 3217 incipientibus
1005 3096 1281 3183 brevius
1312 3134 1391 3181 ac
1424 3108 1805 3203 simplicius
1828 3110 2017 3187 tradi

479 3222 695 3295 magis
722 3200 1064 3273 convenit.
1274 3260 1281 3273 .

573 3298 740 3367 Haec
763 3318 892 3387 ego
907 3344 926 3381 ‚
951 3304 1021 3365 et
1045 3290 1181 3368 alia
1204 3292 1575 3387 ejusmodi,
1612 3316 1761 3387 quae
1788 3290 1885 3363 ob
1904 3291 2017 3370 uia

1963 3477 1973 3483 .
1998 3452 2019 3485 J
