2175 3809
294 343 302 348 .
460 277 586 352 'DE
636 301 969 352 menon
1012 285 1248 354 Onna
1297 303 1386 354 Etr
1431 287 1639 357 Hxs'r.
1753 293 1838 376 89

243 395 463 445 eausa
495 426 515 458 ,
563 372 637 442 in
698 399 901 466 quam
943 374 1199 466 scripta'
1243 373 1511 468 legetur
1566 367 1836 464 oratio,

254 471 475 547 (nam
512 463 887 534 sic-clarius
912 517 930 549 ‚
962 491 1108 569 quae
1151 463 1506 550 dicentu'r,
1540 466 1836 562 intelligi

249 563 637 646 poterunt)
692 554 867 624 nihil
915 567 1209 626 otrosum
1268 557 1464 650 pati,
1519 559 1838 651 quodque

248 647 329 714 in
383 651 791 732 inventione,
834 645 1155 740 quodque
1213 647 1282 716 in
1327 643 1688 720 elocutione
1720 649 1842 720 ad-

246 737 641 806 notandum
696 738 880 822 erit3
921 763 1065 842 quae
1126 738 1197 808 in
1241 743 1557 830 prooemio
1603 741 1838 812 'conci-

244 826 471 898 liandi
528 827 778 918 judicis
823 841 1045 913 rat103
1097 855 1243 933 quae
1300 829 1625 900 narrandi
1677 823 1834 918 lux,

242 915 711 1003 brevitas‚fid
801 943 818 960 ·
888 918 1024 989 uod
1051 921 1423 1013 aliquando
1445 921 1838 1008 consilium,

188 1057 195 1062 -
246 1023 319 1078 et
390 1036 549 1080 uam
576 1036 661 1078 oc
910 1010 1232 1081 alliditas.
1256 1019 1562 1104 Namque
1591 1038 1667 1082 ea
1690 1014 1835 1086 sola

248 1099 323 1170 in
414 1127 497 1170 oc
528 1127 733 1170 arse.
903 1127 999 1171 uae
1039 1101 1334 1194 intelligi
1366 1103 1501 1180 nisi
1529 1102 1614 1172 ab
1655 1105 1836 1182 arti-

248 1191 377 1261 fiee
414 1217 555 1262 non
588 1193 824 1285 possit.
866 1199 1142 1282 Quanta
1177 1193 1499 1298 deinceps
1542 1193 1613 1262 in
1659 1191 1836 1266 divi-

246 1282 481 1352 dendo
499 1282 877 1375 vprudentia
904 1336 925 1366 ,
966 1310 1173 1444 Ἓιαπι
1198 1283 1470 1354 subtilis
1500 1285 1834 1356 et'crebra

239 1375 805 1466 argumentatio;
868 1375 984 1467 qui
1042 1401 1120 1443 us
1172 1373 1434 1444 viribus
1496 1375 1830 1468 inspiret,

246 1490 386 1558 qua
434 1465 861 1552 jucunditate
914 1465 1334 1558 permulceat
1363 1490 1386 1551 3
1443 1479 1700 1558 quanta
1754 1467 1830 1540 in

242 1553 629 1626 maledictis
670 1583 745 1626 as
794 1555 1035 1641 eritas,
1078 1556 1151 1627 in
1209 1556 1378 1646 jocis
1424 1556 1779 1630 urbanitas
1803 1567 1830 1646 3

246 1659 329 1716 ut
380 1645 676 1740 denique
727 1581 1121 1718 dominetur
1163 1648 1236 1718 in
1269 1648 1626 1719 affectibus
1657 1701 1676 1730 ‚
1727 1663 1829 1719 at-

244 1763 382 1830 que
457 1739 528 1807 in
595 1753 869 1832 pectora
932 1739 1314 1830 irrumpat,
1386 1739 1828 1844 animumque

240 1828 556 1918 judicum
602 1829 893 1899 similem
946 1830 1031 1900 iis
1077 1855 1224 1924 quae
1280 1827 1494 1910 dicit,
1550 1831 1824 1900 efficiat.

239 1925 430 1990 Tum
456 1921 529 1989 in
570 1920 835 1991 ratione
868 1917 1284 2013 eloquendi,
1315 1917 1500 2010 quod
1537 1917 1824 1990 verbum

237 2035 373 2103 pro
425 2011 600 2081 rium
632 2064 651 2097 ‚
696 2025 1013 2082 ornatum
1044 2063 1063 2096 ‚
1113 2009 1452 2096 sublime3
1493 2008 1611 2079 ubi
1669 2035 1826 2078 am·-

238 2037 576 2194 plifillzatio
618 2102 994 2189 laudanda,
1032 2128 1179 2194 quae
1204 2101 1422 2174 virtus
1457 2099 1520 2173 ei
1550 2113 1825 2170 contra-

238 2192 345 2263 ria
370 2217 393 2278 ;
426 2193 592 2301 quid
626 2193 927 2287 speciose
954 2192 1350 2264 translatum
1371 2243 1394 2277 ,
1467 2217 1568 2262 uae
1600 2191 1822 2286 figura

236 2283 606 2355 verborum
640 2338 659 2368 ‚
720 2312 863 2379 quae
921 2283 1095 2355 lenis
1146 2298 1216 2356 et
1275 2219 1608 2378 quadrata
1644 2335 1664 2369 ,
1719 2284 1822 2355 vi-

236 2374 391 2444 rilis
434 2389 663 2446 tamen
709 2375 1137 2470 compositio.
1671 2445 1678 2450 .

292 2471 409 2536 111.
426 2473 529 2536 Ne
550 2466 623 2536 id
648 2467 924 2560 quidem
947 2465 1214 2550 inutile,
1241 2463 1446 2534 etiam
1463 2459 1866 2561 corruptas‘⁸

236 2555 616 2650 aliquando
652 2573 720 2629 et
751 2557 1028 2628 vitiosas
1061 2557 1406 2627 orationes
1429 2608 1448 2640 ‚
1502 2582 1667 2649 quas
1715 2569 1818 2626 ta-

233 2650 393 2717 men
476 2648 734 2742 letique
754 2648 1172 2740 judiciorum
1208 2645 1540 2739 pravitate
1563 2646 1819 2718 miran-

230 2750 382 2823 tur,
422 2675 557 2832 legi
634 2741 809 2810 alam
828 2739 1099 2832 pueris,
1134 2737 1538 2830 ostendique
1573 2737 1645 2807 in
1675 2738 1814 2823 his,
1915 2829 1920 2834 ι

230 2854 439 2922 quam
468 2857 582 2900 mu
612 2844 683 2901 ta
711 2830 1083 2922 impropria
1103 2883 1122 2914 .‚
1155 2820 1444 2899 obscura
1470 2881 1490 2914 ‚
1526 2827 1811 2910 tumida,

231 2919 527 2991 humilia
546 2974 563 3006 ‚
585 2922 889 3006 sordida,
921 2920 1203 3006 lasciva,
1231 2919 1618 2990 effeminata
1637 2917 1810 2986 sint:

282 3038 381 3082 uae
410 3038 548 3082 non
575 3012 956 3084 laudantur
979 3010 1185 3082 modo
1211 3038 1249 3082 a
1283 3010 1621 3105 plerisque
1644 3059 1662 3089 ,
1691 3005 1812 3078 sed

230 3037 276 3192 ἒ
298 3103 483 3194 quod
508 3109 705 3196 pejus
724 3113 871 3189 est)
902 3117 1185 3198 propter
1199 3102 1332 3172 hoc
1353 3103 1572 3192 ipsum
1587 3150 1605 3180 ³
1624 3097 1812 3189 quod

231 3206 396 3264 sunt
428 3219 633 3287 prava
653 3248 671 3278 ,
703 3195 1093 3266 laudantur.
1118 3202 1289 3264 Nam
1316 3213 1536 3260 sermo
1561 3201 1808 3294 rectus,

228 3295 299 3352 et
332 3283 711 3357 secundum
767 3299 1080 3356 naturam
1138 3279 1580 3364 enunciatuS‚
1628 3279 1807 3370 mhi}

228 3373 487 3449 habere
514 3397 595 3446 ex
621 3377 903 3472 ingenio
927 3377 1200 3448 videtur
1230 3401 1246 3444 :
1276 3369 1393 3442 illa
1423 3396 1624 3458 vero,
1659 3397 1807 3466 quae
