2175 3809
293 355 298 364 ’
397 356 524 429 124
711 347 887 412 Lm.
934 347 1036 412 11.
1087 345 1282 441 CIAP.
1345 345 1628 412 XVIII.

384 450 552 521 bent
577 502 596 536 ‚
640 451 978 535 refutent,
1015 463 1081 520 et
1113 449 1351 544 (quod
1378 451 1516 522 vim
1542 448 1793 522 habeat
1826 456 1983 542 epi-³

382 541 530 634 logi
547 551 576 627 )
614 541 1088 634 deprecentur.

475 633 746 703 Deinde
779 632 1116 721 adjiciunt
1167 631 1318 702 iilas
1354 633 1715 702 verborum
1760 632 1971 703 cavil-

381 723 673 796 lationes
696 779 712 808 ‚
738 723 912 794 nihil
937 724 1123 817 quod
1152 749 1243 794 ex
1271 736 1414 794 arte
1432 725 1580 812 fiat
1598 779 1619 812 ‚
1654 723 1807 794 ante?
1834 751 1973 794 ar-

379 829 506 888 tem
517 817 743 912 fuisse
768 841 793 885 .·
835 816 1024 912 atqui
1075 815 1323 886 dixisse
1352 815 1663 886 homines
1697 842 1822 908 pro
1854 842 1971 903 se,

383 921 451 978 et
487 907 557 977 in
593 907 764 976 alios
801 933 1107 1000 semper:
1146 906 1457 978 doctores
1490 908 1683 992 artis,
1718 933 1869 976 sero
1894 921 1974 978 et

295 1053 300 1060 -
381 999 564 1070 circa
596 999 862 1070 Tisiam
905 1013 970 1068 et
999 1006 1257 1069 Coraca
1289 999 1583 1091 primum
1615 1012 1925 1092 repertos
1946 1027 1967 1069 τ

381 1092 763 1162 orationem
792 1091 1002 1184 igitur
1026 1104 1184 1160 ante
1222 1103 1433 1161 artem
1461 1091 1666 1160 fuisse
1689 1145 1705 1174 ‚
1742 1117 1969 1184 eoque

382 1197 595 1256 artem
646 1208 788 1252 non
828 1209 994 1254 esse.
1047 1185 1188 1252 Nos
1222 1209 1468 1276 porro,
1512 1181 1786 1276 quando
1830 1207 1971 1251 coe-

379 1275 560 1374 perit
607 1275 810 1365 hujus
848 1276 945 1345 rei
983 1275 1337 1360 doctrina,
1391 1301 1530 1344 non
1566 1272 1973 1344 laboramus

379 1367 734 1460 exquirere
763 1393 778 1435 ε
812 1393 991 1460 quan
1045 1393 1199 1438 uam
1228 1366 1409 1460 apud
1440 1371 1975 1452 (numerum,

380 1471 448 1527 et
469 1471 950 1549 praeceptorem
965 1464 1016 1526 P
1067 1460 1351 1527 oenicem
1372 1471 1517 1526 tum
1530 1456 1798 1549 agendi,
1815 1468 1973 1528 tum

377 1548 586 1618 etiam
643 1548 1018 1642 loquendi,
1069 1561 1135 1616 et
1188 1560 1490 1617 oratores
1559 1548 1837 1640 plures,
1890 1559 1971 1618 et

375 1647 578 1709 (Smne
615 1638 686 1707 in
713 1637 933 1708 tribus
959 1637 1249 1708 ducibus
1305 1639 1639 1710 orationis
1694 1663 1913 1732 genus
1940 1692 1965 1725 ‚

377 1744 447 1801 e‘t
481 1730 853 1800 certamina
882 1756 1153 1823 quoque
1181 1730 1530 1823 proposita
1550 1729 1969 1824 eloquentiae

299 1909 308 1916 κ
379 1823 564 1892 inter
623 1826 946 1912 juvene5‚
1005 1821 1445 1892 invenimus:
1490 1822 1656 1916 quin
1716 1823 1786 1891 in
1834 1847 1971 1892 cae-

373 1915 601 1986 latura
629 1915 636 1922 ’
663 1915 885 2010 clypei
963 1913 1255 1989 Achillis
1314 1925 1383 1988 et
1456 1913 1610 1986 lites
1674 1924 1833 1983 sunt
1890 1928 1969 1986 et

379 2019 669 2091 actores,
773 2043 780 2046 ·
1438 2015 1443 2022 ’
1800 2045 1809 2054 ·

393 2133 408 2148 ’
467 2099 650 2169 Illud
683 2095 1048 2167 admonere
1083 2098 1246 2166 satis
1293 2109 1441 2183 est,
1488 2097 1753 2180 omnia,
1804 2122 1965 2190 quae

372 2213 481 2260 ars
528 2189 1059 2271 consummarit,
1109 2215 1147 2256 a
1196 2202 1441 2258 natura
1490 2189 1688 2258 initia
1724 2189 1964 2259 duxis-

371 2307 443 2350 se
479 2307 493 2349 ε
523 2293 641 2349 aut
667 2279 950 2392 tollepur
980 2279 1363 2365 medicina,
1449 2307 1547 2349 uae
1594 2305 1672 2350 ex
1706 2279 1966 2350 obser-

368 2371 647 2444 vatione
693 2370 1069 2441 salubrium
1096 2425 1115 2457 ‚
1166 2385 1368 2465 atque
1401 2308 1531 2441 (imis
1570 2371 1963 2442 contrario-

369 2489 562 2547 rum,
601 2455 868 2556 reperta
903 2476 1041 2548 est3
1075 2477 1143 2532 et
1168 2517 1187 2549 .,
1223 2476 1301 2533 ut
1345 2463 1755 2557 quibusdam
1807 2463 1963 2555 pla-

370 2560 516 2638 cet,
583 2567 725 2624 tota
774 2557 1040 2648 eonstat
1102 2556 1605 2648 experimentis.
1652 2562 1827 2625 Nam
1882 2569 1962 2626 et

370 2645 622 2718 vulnus
666 2645 993 2740 deligavit
1037 2647 1330 2739 aliquis,
1397 2661 1762 2740 antequam
1807 2646 1963 2720 haec

371 2746 480 2808 ers
512 2751 728 2824 esset3
759 2752 827 2808 et
860 2739 1118 2810 febrem
1140 2738 1367 2834 quiete
1394 2751 1464 2809 et
1490 2739 1913 2810 abstinentia
1935 2794 1956 2826 ,

371 2857 514 2900 non
541 2831 702 2924 quia
752 2831 1088 2900 rationem
1144 2829 1456 2916 videbat,
1514 2830 1632 2900 sed
1666 2829 1828 2926 quia
1876 2830 1957 2902 id

365 2921 690 2993 valetudo
729 2920 870 3013 ipsa
897 2931 1245 3014 coegerat,
1281 2921 1640 3013 mitigavit.
1675 2929 1819 2992 Nec
1852 2922 1959 2992 fa·-

365 3011 558 3089 brica
591 3013 680 3083 sit
721 3037 875 3097 ars;
923 3037 1108 3082 casas
1162 3012 1351 3082 enim.
1381 3013 1583 3105 primi
1645 3013 1747 3082 illi
1798 3013 1955 3110 sine

367 3120 512 3175 arte
565 3107 897 3176 fecerunt.
959 3111 1104 3174 Nec
1151 3105 1458 3176 musica:
1513 3117 1833 3176 cantatur
1870 3131 1957 3181 ae

366 3197 653 3266 saltatur
687 3221 809 3289 per
855 3221 1090 3267 omnes
1148 3209 1385 3291 gentes
1426 3193 1658 3290 aliquo
1717 3195 1951 3268 modo,

385 3361 392 3369 ·
431 3334 452 3398 (
475 3351 493 3384 ι
522 3336 542 3398 )
569 3335 784 3386 Phoenix
801 3335 976 3399 ‚Iliad.
998 3340 1153 3401 1,seu
1166 3338 1201 3390 l.
1222 3337 1427 3414 9,.443.
1442 3339 1566 3389 Tres
1586 3317 1961 3402 duoes,eodem.

355 3397 398 3446 l.
418 3413 468 3460 9.
493 3399 771 3452 Certamiua
791 3403 1084 3470 eloquentia
1106 3417 1357 3470 proposlta
1385 3403 1516 3454 iuter
1535 3403 1765 3468 juvenem,
1790 3406 1852 3455 ΙΙ.
1878 3405 1953 3458 0.

369 3479 456 3518 κα
473 3464 508 3517 1.
549 3463 623 3516 15.
645 3464 761 3520 283.
789 3467 1034 3538 clypeus,
1059 3469 1120 3520 11.
1154 3473 1199 3518 fi!
1216 3506 1233 3535 ,
1256 3486 1343 3524 teu
1355 3471 1389 3522 1.
1412 3469 1489 3526 18.
1508 3487 1556 3524 v.
1582 3470 1697 3542 497.
1716 3467 1917 3530 *508-

1688 3589 1735 3632 ⁸
