2175 3809
390 308 695 392 Q'muaeno
744 307 1042 374 Rnnon
1090 325 1506 376 sumn-mus.
1644 309 1734 396 Q,

258 401 406 466 Nos
437 414 643 488 porro
674 394 1035 499 quaerimus
1061 448 1079 478 ,
1117 396 1391 500 quando
1425 396 1545 480 iis,
1591 422 1738 488 quae

164 485 483 557 rhetorice
510 485 818 579 praecipit
839 537 858 570 ‚
892 485 1352 580 percipiendis
1385 511 1558 578 puer
1599 513 1740 556 ma-

164 590 357 650 turus
400 603 545 646 esse
590 576 928 649 videatur.
980 583 1056 646 In
1090 603 1228 670 quo
1259 578 1537 670 quidem
1572 595 1740 650 ‘non

164 668 233 738 id
284 681 387 738 est
442 667 913 739 aestimandum
965 720 983 752 ‚
1046 673 1242 758 cujus
1301 669 1590 760 quisque
1647 669 1742 738 sit

161 760 413 844 aetatis3
450 760 570 829 sed
602 772 933 852 quantum
969 760 1042 829 in
1102 757 1346 830 studiis
1380 765 1516 850 jam
1557 760 1738 830 effe-

163 853 349 920 cerit.
386 858 515 935 Et,
553 876 637 920 ne
670 851 930 920 diutius
962 850 1316 934 disseram,
1337 850 1615 944 quando
1648 850 1737 922 sit

160 941 423 1012 rhetori
449 941 855 1024 tradendus,
876 943 973 1012 sic
1003 943 1258 1036 optime
1288 941 1473 1012 finiri
1497 941 1740 1026 credo,

160 1059 311 1108 cum
340 1033 622 1127 poterit.
666 1033 800 1103 Sed
830 1033 963 1104 hoc
1004 1035 1227 1126 ipsum
1271 1059 1351 1104 ex
1385 1033 1736 1127 superiore

158 1125 415 1216 pendet
450 1124 842 1219 quaestione.
889 1131 1063 1196 Nam
1088 1177 1108 1207 .‚
1167 1126 1222 1192 si
1265 1128 1738 1216 grammatices

160 1235 425 1286 munus·
470 1241 683 1308 usque
750 1215 834 1285 ad
884 1219 1228 1286 suasorias
1285 1221 1316 1298 (
1365 1241 1512 1308 quae
1577 1227 1740 1284 sunt

160 1307 344 1400 apud
380 1306 725 1376 rhetorem
770 1309 1069 1378 materiae
1118 1308 1302 1375 inter
1349 1305 1740 1374 rudimenta

160 1398 441 1470 dicendi
486 1406 517 1484 )
578 1411 989 1491 prorogatur
1036 1451 1055 1484 ‚
1131 1397 1396 1467 tardius
1423 1396 1735 1468 -rhetore

155 1517 333 1596 opus
366 1503 491 1560 est.
516 1491 585 1560 si
620 1490 855 1560 rhetor
887 1491 1105 1584 prima
1155 1489 1382 1582 operis
1411 1488 1516 1558 sui
1570 1489 1738 1558 offi-

154 1593 292 1652 cia?
318 1607 463 1651 non
498 1594 767 1652 recusat
790 1635 809 1664 ‚
846 1607 885 1650 a
914 1579 1411 1653 narrationibus
1457 1579 1688 1650 statim
1709 1633 1732 1665 ‚

155 1685 223 1742 et
247 1671 580 1746 taudandi
604 1673 1174 1766 vituperandique
1196 1671 1544 1764 opusculis
1570 1695 1737 1740 cura

154 1769 305 1852 ejus
359 1764 808 1834 desideratur.
842 1769 950 1834 An
994 1766 1388 1856 ignoramus
1431 1761 1736 1853 antiquis

152 1855 289 1926 hoe
322 1857 533 1926 fuisse
566 1855 652 1926 ad
678 1856 1055 1962 augendam
1095 1852 1558 1944 eloquentiam
1606 1876 1743 1943 ge·-

156 1973 288 2017 nus
334 1948 841 2018 exercitationis
864 2000 881 2030 ‚
936 1959 1013 2016 ut
1044 1945 1254 2014 theses
1283 1941 1632 2026 dicerent,
1669 1954 1740 2026 et

154 2053 531 2110 communes
593 2037 771 2110 locos
804 2071 819 2120 ;
878 2050 947 2107 et
996 2049 1238 2108 caetera
1301 2035 1472 2104 citra
1538 2058 1738 2102 com-

156 2131 435 2223 plexum
499 2155 727 2200 rerum
792 2150 1376 2224 personarumque
1418 2178 1436 2210 ‚
1485 2124 1738 2218 quibus

56 2281 67 2290 ,
154 2247 333 2292 verae
376 2222 682 2315 fictaeque
716 2221 1192 2292 controversiae
1235 2217 1741 2288 continentur?

156 2319 257 2383 Ex
289 2339 429 2406 quo
458 2314 683 2405 palam
708 2327 809 2383 est
838 2367 857 2397 ‚
904 2339 1108 2404 quam
1142 2311 1436 2401 turpiter
1469 2306 1739 2402 dese-rat

156 2431 311 2474 eam
344 2418 605 2498 partem
630 2405 979 2476 rhetorices
1012 2401 1357 2472 institutio
1385 2452 1404 2484 ‚
1435 2425 1638 2491 quam
1669 2410 1740 2470 et

157 2499 453 2589 primam
496 2495 778 2579 habuit,
820 2507 889 2566 et
938 2495 1058 2565 diu
1108 2491 1345 2563 solam.
1382 2490 1570 2578 Quid
1615 2515 1740 2560 au-

154 2602 295 2659 tem
328 2587 531 2678 estin
566 2589 675 2669 iis,
721 2587 806 2657 de
837 2587 1085 2681 quibus
1113 2609 1314 2676 supra
1339 2583 1478 2652 dixi
1507 2635 1526 2667 ‚
1552 2581 1742 2677 quod

156 2705 297 2750 non
329 2704 487 2750 cum
514 2679 584 2749 in
619 2679 754 2750 alia
774 2733 793 2765 ‚
824 2705 968 2772 quae
1000 2689 1163 2748 sunt
1197 2674 1556 2754 rhetorum·
1581 2699 1741 2767 pro-

157 2772 311 2866 pria
340 2826 359 2858 ‚
397 2784 543 2842 tum
590 2783 773 2841 certe
822 2772 895 2840 in
946 2769 1122 2840 illud
1149 2765 1478 2860 judiciale
1523 2789 1740 2848 causoe

156 2889 375 2958 genus
400 2863 663 2932 incidat
690 2871 716 2930 ἲ
741 2867 849 2932 An
870 2887 1011 2931 non
1036 2861 1109 2931 in
1141 2856 1738 2932 soronam-andum

154 2969 261 3026 est
288 2964 309 3024 ?
342 2980 478 3048 qua
517 2961 617 3040 (1)
650 2954 722 3023 in
773 2966 963 3045 parte
991 2951 1226 3022 nescio
1253 2975 1340 3020 an
1365 2955 1464 3033 (2)
1489 2947 1576 3016 sit
1606 2944 1740 3029 hoc

152 3045 261 3119 vel
286 3046 856 3140 plurimum.Non
884 3045 1031 3114 laus
1050 3069 1130 3114 ac
1151 3037 1566 3134 vituperatio
1601 3058 1742 3103 cer-

224 3169 247 3239 (
278 3190 294 3221 ι
318 3169 345 3248 ὶ
370 3167 618 3247 111ῑοῖἱίςῇ
645 3187 799 3238 genus
828 3167 1063 3247 iudiciale
1088 3208 1104 3232 ‚
1121 3168 1184 3232 ‚in
1220 3182 1324 3236 quo
1351 3157 1597 3236 praecipua
1627 3175 1742 3225 par·

150 3249 411 3297 narra1103
469 3249 553 3286 aut
584 3253 642 3286 ln
676 3248 959 3286 nan-anone
986 3234 1234 3307 praecipue
1278 3233 1542 3280 conmittere
1568 3222 1740 3275 rheto-

149 3305 323 3354 ricum
351 3301 644 3352 artificium.

224 3369 333 3437 (2)
374 3369 681 3420 subauditur
700 3407 715 3432 ‚
742 3385 880 3422 noun
917 3369 1044 3418 ascio
1072 3383 1140 3414 an
1167 3377 1270 3413 non
1297 3361 1361 3410 sit
1387 3376 1405 3408 .·
1433 3356 1570 3430 quod
1607 3357 1741 3428 apud

152 3435 371 3488 Latinos
398 3433 539 3488 valde
567 3434 800 3488 minuam
829 3447 877 3486 et
900 3435 1116 3508 elegans.
