2175 3809
357 251 481 329 184
807 246 994 310 Lm-
1038 246 1169 311 lv.
1218 244 1397 312 CAr.
1444 247 1498 312 Ι.

351 332 783 427 cognationis
818 387 837 417 ‚
886 332 991 404 vel
1031 333 1395 418 amicitiae3
1431 331 1877 425 ‘maximeque
1909 381 1934 420 ‚

351 429 408 497 si
451 425 598 495 fieri
643 424 942 516 poterit,
991 423 1423 516 reipublicae,
1470 437 1587 498 aut
1630 425 1933 508 alicujus

329 531 536 588 -certe
579 542 718 584 non
770 514 1130 584 mediocris
1166 516 1475 608 exempli.
1524 516 1731 603 Quod
1778 517 1980 593 sine,

350 609 566 679 dubio
601 607 814 676 multo
847 606 1058 698 magis
1106 607 1265 698 ipsis
1303 607 1763 698 litigatoribus
1816 606 1940 676 fav-

355 699 676 770 ciendum
705 710 804 766 est
823 750 842 780 ‚
865 711 940 765 ut
963 695 1050 766 a'd
1068 697 1411 789 agendum
1444 723 1685 790 magna
1724 709 1941 788 atque

331 790 640 860 honesta
674 789 969 872 ratione,
1009 803 1125 856 aut
1158 789 1361 858 etiam
1392 789 1793 858 necessitate
1822 813 1941 856 ae·-

356 882 630 951 cessisse
663 878 1046 948 videantur.
1077 878 1211 948 Sed
1246 894 1318 948 ut
1354 879 1685 970 praecipua
1709 878 1779 946 in
1800 877 1945 954 hoe

353 971 650 1045 dicentis
681 971 1085 1054 auctoritas,
1118 972 1169 1039 si
1210 973 1430 1041 omnis
1464 971 1533 1040 in
1570 969 1942 1038 subeundo

327 1063 636 1155 negotio
658 1061 952 1153 suspicio
978 1067 1076 1146 (1)
1103 1062 1561 1150 sordium‚aut
1592 1060 1949 1145 odiorum,

249 1193 274 1208 ι
359 1166 478 1224 aut
525 1153 920 1222 ambitionis
974 1153 1317 1237 abfuerit3
1373 1153 1465 1222 ita
1507 1151 1816 1243 quaedam
1864 1151 1945 1220 in

358 1245 468 1314 his
515 1271 784 1337 quoque
835 1244 1339 1314 commendatio
1393 1244 1648 1326 tacita,
1706 1243 1759 1312 si
1812 1268 1946 1316 nos

357 1335 670 1405 infirmos
707 1349 774 1404 et
821 1336 1110 1428 impares
1145 1335 1439 1427 ingeniis
1470 1346 1704 1403 contra
1742 1360 1951 1425 agen-

357 1427 534 1496 tium
602 1427 969 1496 dixerimus
1021 1477 1040 1510 ‚
1109 1429 1339 1516 qualia
1400 1437 1556 1494 sunt
1608 1425 1947 1517 pleraque

357 1515 665 1588 Messalae
703 1520 1045 1604 procerum.
1086 1522 1206 1584 Est
1239 1516 1421 1586 enim
1455 1516 1791 1584 naturalis
1823 1517 1949 1584 fa—

353 1633 485 1678 ·vor
523 1632 647 1697 pro
685 1605 1204 1690 laborantibus3
1243 1622 1308 1676 et
1341 1607 1546 1696 judex
1578 1606 1950 1698 religiosus

360 1696 813 1769 libentissime
851 1709 1219 1789 patronum
1266 1697 1505 1782 auditss
1544 1724 1747 1790 quem
1787 1701 1949 1785 jus-

353 1789 528 1859 -titiae
567 1815 700 1858 suae
743 1787 1020 1858 minime
1050 1790 1265 1859 timet.
1296 1790 1460 1858 Inde
1488 1789 1605 1858 illa
1633 1801 1950 1858 veterum

349 1881 547 1952 circa
573 1880 1044 1951 occultandam
1077 1881 1537 1972 eloquentiam
1562 1879 1949 1965 simul-atie,

363 1972 657 2042 multum
683 1971 768 2041 ab
793 1971 923 2041 hac
959 1983 1355 2042 nostrorum
1395 1984 1779 2064 temporum
1804 1975 1953 2062 jao-

361 2063 627 2134 tatione
661 2061 954 2132 diversa.

458 2153 836 2222 Vitandum
871 2153 1109 2237 etiam,
1144 2179 1230 2222 ne
1258 2152 1773 2238 contumeliosi,
1808 2179 1951 2223 ma-

355 2242 538 2336 ligni
576 2296 595 2329 ‚
655 2242 929 2334 superbi
963 2295 982 2328 ‚
1033 2244 1347 2315 maledici
1408 2247 1482 2315 in
1537 2270 1953 2350 quemquam

350 2333 718 2405 <homnem
744 2334 1141 2405 ordinemve
1166 2337 1521 2406 videamur
1540 2389 1557 2418 ,
1582 2361 1955 2430 praecipue-

352 2451 501 2518 que
536 2451 808 2509 eorum,
838 2427 954 2519 qui
987 2427 1137 2498 laedi
1160 2481 1179 2512 ‚
1212 2429 1341 2500 nisi
1376 2453 1605 2497 aversa
1640 2427 1951 2516 judicum

330 2565 334 2567 >
366 2516 722 2589 voluntate
750 2570 769 2600 ‚
819 2543 959 2587 non
997 2533 1303 2612 possunt.
1334 2527 1509 2588 Nam
1544 2520 1613 2586 in
1648 2519 1953 2608 judicem

349 2633 459 2677 ἠε
559 2608 1028 2695 uid-dicatur,
1077 2638 1220 2681 non
1266 2611 1469 2680 modo
1505 2609 1777 2702 palam,
1826 2611 1955 2682 sed

345 2725 509 2792 -quo
589 2700 871 2769 omnino
894 2701 1186 2795 intelli'gi
1221 2702 1457 2796 possit,
1488 2701 1771 2772 stultum
1804 2713 1955 2772 erat

347 2815 691 2875 monere,
727 2791 858 2862 nisi
895 2792 1107 2863 fieret.
1290 2865 1302 2874 x

347 2913 360 2920 ·
465 2910 530 2953 2.
565 2882 788 2952 Etiam
813 2885 1024 2975 partis
1063 2883 1355 2954 adversae
1383 2897 1712 2978 patronus
1756 2881 1961 2956 dabit

353 2975 654 3045 'exordio
691 2973 1088 3060 materiam3
1130 2975 1405 3046 interim
1447 3002 1599 3046 cum
1630 2975 1897 3045 honore
1932 3030 1961 3064 ‚

305 3111 310 3114 -
375 3065 434 3134 si
467 3065 926 3156 eloquentiam
953 3070 1099 3156 ejus
1130 3093 1207 3137 ac
1238 3067 1524 3160 gratiam
1558 3093 1683 3138 nos
1708 3067 1958 3139 timere

329 3197 334 3207 ι
377 3154 703 3259 fingendo
728 3207 747 3239 ‚
785 3169 858 3224 ut
889 3181 990 3226 ea-
1011 3173 1320 3253 suspecta
1356 3158 1493 3228 sint
1523 3158 1787 3249 judici,
1838 3159 1960 3228 fe·-

342 3261 354 3328 j
381 3269 671 3313 cerlmus
708 3272 724 3314 z
769 3246 1046 3336 interim
1079 3275 1203 3344 per
1238 3249 1725 3322 contumeliam
1760 3277 1781 3320 ι
1833 3251 1962 3324 sed

345 3375 360 3388 ‘
445 3362 549 3433 (ι)
579 3365 840 3420 Avaritiae:
1810 3392 1821 3400 ·
1888 3383 1895 3390 ·
