2175 3809
649 269 779 338 Dia
828 281 1390 338 menum-1³13.
1701 271 1830 340 105
1895 316 1902 322 -

208 359 572 458 positione
612 359 687 428 in
722 358 929 428 rebus
978 357 1156 428 fictis
1191 383 1214 444 3
1262 357 1380 432 sed
1432 360 1676 444 (cujus
1715 361 1819 429 rei
1865 423 1872 430 .

212 445 445 546 gratia
490 453 773 546 plenum
824 449 912 519 sit
946 449 1414 534 auditorium)
1451 451 1816 528 ,sententiis

214 544 604 637 grandibus
628 596 647 627 .,
689 567 977 636 quarum
1012 542 1272 636 optima
1313 567 1592 634 quaeque
1628 568 1665 611 a
1699 567 1818 634 pe·-

217 636 445 706 riculo
472 642 876 742 (1)petatur.
904 633 1095 722 Quin
1115 634 1322 703 etiam
1353 633 1422 702 in
1447 633 1814 727 cogitando

216 727 415 796 nulla
476 741 746 796 ratione
796 724 1149 809 adhibita,
1201 737 1320 794 aut
1373 737 1631 794 tectum
1695 726 1819 796 in·-

214 829 498 890 tuentes
526 872 545 904 ,
584 843 905 913 magnum
938 817 1203 910 aliquid
1230 871 1248 901 ‚
1281 815 1467 910 quod
1516 818 1698 888 ultro
1745 845 1818 890 se

217 911 470 980 offerat
495 963 515 995 ,
563 909 880 1004 pluribus
922 935 1093 1000 saepe
1128 907 1370 982 diebus
1405 923 1818 1002 exspectan-

214 1013 319 1073 tes
352 1055 371 1087 ‚
409 1015 531 1071 aut
566 1026 912 1072 murmure
947 1001 1250 1085 incerte,
1283 1000 1472 1070 velut
1497 1001 1815 1090 classim,
1851 999 1854 1004 ’

216 1093 535 1163 instincti
569 1119 591 1179 3
642 1092 1272 1162 concitatissimum·
1305 1091 1613 1186 corporis
1655 1121 1817 1164 mo-

215 1195 367 1254 tum
430 1211 575 1255 non
636 1183 1085 1254 enuntiandis
1138 1236 1157 1268 ‚
1229 1181 1369 1253 sed*
1427 1185 1811 1277 quaerendis

214 1276 463 1348 verbis
500 1275 1043 1346 accommodant.

306 1367 651 1438 Nonnulli
695 1378 881 1438 certa
930 1365 1061 1435 sibi
1119 1363 1319 1435 initia
1347 1416 1368 1450 .,
1411 1367 1814 1462 priusquam

217 1485 497 1530 sensum
568 1457 965 1531 invenerint
1007 1510 1026 1544 ‚
1090 1455 1440 1528 destinant
1477 1512 1498 1546 ‚
1558 1461 1812 1554 quibus

216 1551 483 1646 aliquid
528 1549 764 1622 diserti
795 1548 1356 1642 subjungendum
1403 1551 1545 1637 sit3
1591 1579 1809 1648 eaque

214 1642 340 1714 diu
376 1669 605 1714 secum
647 1642 775 1736 ipsi
825 1641 1140 1734 clareque
1175 1641 1534 1728 meditati,
1572 1644 1810 1740 despe-

210 1749 362 1804 rata
416 1732 873 1805 connectendi
920 1733 1286 1817 facultate,
1331 1733 1660 1805 deserunt
1685 1789 1705 1822 ,
1738 1748 1810 1810 et

213 1827 299 1896 ad
348 1827 486 1896 alia
530 1826 898 1917 deinceps,
934 1837 1140 1916 atque
1196 1823 1358 1893 inde
1406 1825 1540 1894 alia
1575 1879 1594 1910 ‚
1659 1853 1806 1898 non

210 1918 449 1988 minus
491 1916 879 1988 communia
913 1929 1116 2007 atque
1165 1927 1328 1985 nota
1357 1968 1375 1999 ,
1427 1913 1804 1990 divertunt.

213 2011 356 2098 Qui
397 2010 774 2104 plurimum
813 2007 1138 2080 videntur
1181 2005 1438 2078 habere
1473 2007 1808 2097 rationis,

210 2125 355 2171 non
426 2102 500 2172 in
574 2126 815 2172 causas
880 2112 1110 2170 tamen
1167 2096 1472 2170 laborem
1553 2125 1753 2172 suum
1784 2153 1808 2190 ,

211 2193 337 2282 sed
384 2194 458 2262 in
493 2193 675 2266 locos
711 2191 1081 2264 intendunt
1110 2218 1132 2276 3
1173 2202 1376 2285 atque
1412 2191 1484 2262 in
1516 2192 1624 2262 his
1655 2219 1802 2264 non

212 2285 490 2377 corpori
521 2285 988 2379 prospiciunt,
1017 2285 1137 2354 sed
1162 2283 1450 2377 abrupta
1473 2284 1814 2378 quaedam,

209 2390 291 2446 ut
346 2378 526 2448 sorte
570 2378 655 2447 ad
706 2402 985 2446 manum
1034 2383 1325 2458 venere,
1388 2377 1800 2466 jaculantur.

212 2469 421 2564 Unde
456 2468 534 2538 fit
566 2522 585 2552 ‚
637 2468 1072 2539 utssdissoluta
1105 2481 1173 2536 et
1207 2493 1286 2536 ex
1323 2467 1607 2538 diversis
1642 2495 1810 2542 con-

210 2574 403 2652 gesta
438 2561 664 2631 oratio
699 2560 1037 2640 cohaerere
1066 2585 1208 2630 non
1242 2558 1494 2652 possit,
1532 2561 1810 2632 similis-

210 2679 346 2744 que
385 2651 897 2724 commentariis
944 2676 1317 2745 puerorum
1363 2651 1485 2734 sit,
1523 2651 1596 2722 in
1631 2681 1804 2747 quos

209 2769 325 2829 ea,
361 2771 512 2836 quae
545 2745 701 2814 aliis
734 2742 1280 2815 declamantibus
1312 2743 1586 2815 laudata
1608 2745 1804 2830 sunt,
1871 2799 1882 2820 x

208 2850 597 2926 regerunt:
650 2863 927 2930 magnas
986 2849 1214 2906 tamen
1262 2838 1676 2921 sententias,
1730 2849 1801 2906 et

209 2951 319 2996 res
350 2927 571 2999 bonas
627 2929 767 3012 (ita
817 2927 999 2998 enim
1032 2927 1314 3020 gloriari
1350 2930 1616 3014 solent)
1659 2927 1804 2998 eli-
1841 3002 1852 3009 x

208 3015 439 3104 dunt;
474 3047 629 3090 nam
662 3033 729 3091 et
758 3021 1033 3091 barbari
1070 3033 1138 3092 et
1173 3027 1276 3106 (2)
1311 3022 1486 3092 servi
1512 3045 1534 3104 ;
1565 3033 1634 3089 et
1661 3074 1680 3104 ,
1744 3019 1804 3092 si

206 3105 345 3179 hoc
386 3124 490 3180 sat
522 3125 670 3198 est,
716 3113 906 3184 nulla
937 3126 1037 3183 est
1070 3114 1246 3183 ratio
1281 3111 1582 3182 dicendi.

276 3283 302 3347 (
321 3302 339 3333 ι
354 3283 393 3353 )
418 3285 695 3336 sententias
708 3305 787 3337 eas
804 3298 983 3354 putant
1002 3287 1212 3356 optimas
1231 3323 1247 3354 ,
1265 3301 1374 3352 que
1394 3285 1496 3336 sint
1513 3285 1800 3346 audacium

206 3361 261 3399 ει
283 3349 348 3398 nd
371 3351 697 3402 temeritatem
716 3355 971 3404 accedant.

270 3415 387 3486 (a)
410 3418 601 3486 supple
624 3419 775 3471 idem.
790 3419 999 3480 facium.
1369 3489 1429 3555 E
1480 3488 1520 3554 5
