2175 3809
375 287 465 354 80
672 335 679 342 -
766 285 965 354 Lus.
1020 289 1121 352 11.
1169 287 1359 352 CAr.
1407 289 1539 352 IV.
1603 321 1606 324 >

372 371 969 444 abundantiorem
998 425 1015 458 ,
1068 387 1272 468 atque
1317 375 1494 444 ultra
1527 376 1996 468 quant-opor-

375 477 580 551 teat2,
660 463 914 538 fusam.
980 465 1286 536 Multum
1359 465 1519 536 inde
1576 465 2000 558 ‘decoquent

374 556 545 626 anni
594 607 614 641 ‚
694 556 986 627 multum
1068 558 1246 627 ratio
1309 556 1579 628 limabit
1619 608 1638 642 ‚
1693 559 1992 650 ¹aliquid

374 647 569 717 velut
616 673 747 736 usu
788 647 941 740 ipso
988 647 1340 720 deteretur
1369 675 1392 735 3
1427 648 1514 717 sit
1546 649 1750 719 modo
1787 651 1992 720 unde

334 737 599 808 ··excidi
676 739 891 830 possit
944 792 963 826 ‚
1038 751 1107 809 et
1163 738 1356 844 quod
1417 740 1716 832 exsculpi·
1770 741 1988 810 :erit

375 841 605 898 autem
635 883 653 913 ‚
698 831 753 898 si
798 856 940 899 non
992 829 1078 899 ab
1113 829 1319 901 initio
1367 843 1644 903 tenuem
1676 830 1982 903 nimium

258 957 263 962 ·
372 919 701 992 laminam
761 919 1161 1002 duxerimus
1196 973 1217 1006 ,
1263 938 1332 991 et
1435 949 1590 992 uam
1649 921 1981 993 caelatura

360 1011 581 1082 altior
630 1025 925 1104 rumpat.
973 1012 1183 1102 Quod
1227 1039 1333 1082 me
1375 949 1459 1082 «ile
1500 1013 1611 1082 his
1651 1013 1979 1084 aetatibus

372 1102 629 1174 sentire
674 1129 877 1174 nemo
919 1103 1339 1190 mirabitur,
1387 1105 1504 1196 qui
1563 1104 1747 1197 apud
1777 1105 1980 1175 Cice-

369 1201 611 1264 ronem
637 1195 879 1288 legerit
918 1201 1021 1281 (1)
1060 1223 1083 1265 ·:
1119 1195 1291 1268 Volo
1312 1201 1486 1266 enim
1513 1221 1582 1266 se
1627 1200 1870 1278 efferat
1896 1201 1976 1266 in.

364 1285 788 1358 adolescente
850 1286 1291 1380 foecundilas.
1375 1293 1816 1380 Quapropter
1889 1287 1970 1358 in

351 1377 613 1472 ,primis
658 1377 1051 1463 evitandus,
1081 1377 1150 1448 et
1188 1380 1261 1448 in
1303 1379 1532 1472 pueris
1581 1378 1972 1472 praecipue,

369 1469 717 1573 magister
756 1468 1029 1552 aridus,
1074 1495 1219 1538 non
1262 1469 1488 1540 minus
1519 1523 1538 1553 ,
1596 1495 1798 1562 quam
1842 1482 1970 1538 te-

370 1584 560 1629 neris
608 1557 835 1628 adhuc
930 1558 1154 1628 lant-is·
1187 1559 1444 1629 siccum
1501 1573 1570 1628 et
1615 1559 1760 1630 sine
1805 1559 1967 1633 hu-

369 1675 562 1720 more
598 1648 743 1718 ullo
792 1675 867 1718 so
902 1675 1037 1720 um.
1070 1649 1240 1720 Inde
1273 1649 1453 1719 fiunt
1493 1650 1786 1724 humiles
1819 1665 1964 1721 sta-

368 1741 496 1812 iim
536 1793 557 1825 ‚
633 1751 701 1810 et
758 1740 949 1811 velut
1004 1753 1256 1812 terram
1331 1755 1769 1835 spectantes,
1809 1745 1960 1835 ,qui

366 1833 550 1903 nihil
607 1855 813 1925 supra
866 1831 1351 1925 quotidianum
1407 1847 1787 1903 sermonem
1837 1847 1964 1903 at-

368 1924 613 1995 tollere
644 1923 965 1994 audeant.
994 1925 1257 1996 Macies
1287 1925 1423 1994 illis
1455 1949 1580 2017 pro
1615 1923 1912 1999 sanitate
1933 1979 1958 2012 ,

368 2027 443 2084 et
496 2014 739 2104 judicii
782 2014 936 2086 loco
989 2015 1352 2086 infirmitas
1402 2027 1554 2100 est3
1609 2027 1727 2098 et,
1783 2015 1958 2088 dum

370 2106 537 2177 satis
572 2117 819 2198 putant
852 2105 1024 2175 vitio
1058 2131 1288 2176 carere
1321 2159 1340 2191 ‚
1375 2105 1446 2176 in
1483 2105 1554 2176 id
1587 2107 1810 2200 ipsum
1845 2108 1955 2177 in·

368 2197 614 2267 cidunt
673 2196 963 2280 vitium,
1026 2195 1214 2289 quod
1267 2196 1638 2268 virtutibus
1689 2212 1953 2270 carent.

367 2295 601 2376 Quare
660 2285 828 2356 mihi
896 2312 981 2356 ne
1045 2289 1400 2358 maturitas
1456 2287 1730 2382 quidem
1797 2289 1952 2382 ipsa

362 2378 696 2463 festinet,
746 2403 875 2448 nec
919 2390 1141 2449 musta
1187 2380 1259 2450 in
1313 2380 1465 2450 lacu
1518 2381 1746 2450 statim
1789 2383 1958 2450 aus-⁸

364 2481 515 2540 tera
560 2470 697 2539 sint
732 2497 748 2538 z
799 2470 897 2540 sic
938 2484 1007 2541 et
1046 2497 1264 2545 annos
1307 2470 1559 2557 ferent,
1606 2484 1674 2542 et
1717 2485 1951 2550 vetus—

357 2573 501 2634 tate
547 2559 931 2655 proficient.

455 2651 773 2723 Ne·illud
820 2651 1140 2747 quidem,
1174 2651 1360 2759 quod
1411 2652 1944 2740 admoneamus,

359 2742 731 2837 indignum
778 2757 933 2829 est3
984 2745 1262 2836 ingenia
1316 2769 1683 2836 puerorum
1726 2745 1946 2816 nimia

358 2835 641 2908 interim
671 2834 1172 2906 emendationis
1205 2835 1566 2906 severitate
1617 2835 1941 2907 deficere.

357 2937 531 3002 Nam
588 2941 656 2999 et
711 2926 1118 3020 desperant,
1155 2939 1222 2996 et
1264 2925 1542 3011 dolent,
1582 2939 1649 2996 et
1691 2927 1944 2998 novis-

358 3019 914 3102 sime'oderunt3
962 3030 1066 3102 et,
1112 3017 1298 3110 quod
1340 3019 1624 3088 maxime
1651 3014 1886 3089 ‘nocet
1917 3074 1939 3104 ,

356 3111 521 3182 dum
554 3109 785 3182 omnia
810 3108 1093 3195 timent,
1121 3108 1296 3178 nihil
1329 3123 1687 3181 conantur.
1722 3112 1938 3198 Quod

356 3203 563 3274 etiam
590 3199 860 3272 rusticis
883 3212 1122 3272 notum
1137 3198 1237 3272 esi
1259 3207 1396 3290 (2),
1416 3201 1554 3296 quai·
1569 3201 1941 3276 frondibus

462 3361 482 3392 ι
554 3361 602 3394 2.
637 3341 700 3392 de
728 3341 866 3392 Orat.
892 3341 976 3392 88.

409 3343 522 3477 {23
552 3427 601 3462 2.
624 3409 808 3474 Georg.
837 3407 951 3484 362.
980 3420 1074 3461 ete.
