2175 3809
661 272 788 337 DE
838 274 1310 341 Tsssmnus.
1638 274 1773 359 257

191 370 308 429 tor
351 355 785 449 simplicitate
825 358 1103 451 gloriari
1138 369 1403 450 potest,
1437 360 1623 450 quod
1653 387 1769 452 ne-

189 449 457 517 minem
480 460 718 540 praeter
738 476 885 533 eos,
907 474 1078 541 quo-s
1100 449 1353 540 putarit
1369 449 1570 531 scire,
1588 478 1768 543 quae-

188 540 392 609 sierit
420 563 442 623 3
473 540 820 609 etmultos
853 554 1055 643 atque
1082 539 1401 609 honestos
1432 565 1769 611 commen-

189 631 365 699 dare
399 628 770 722 aliquando
805 644 904 699 est
940 630 1230 699 facilius,

283 728 548 789 Verum
581 722 851 790 interim
874 735 940 790 et
961 722 1297 813 singulm,
1324 734 1766 807 utexornare,
1830 796 1843 803 ,

186 809 287 880 ita
339 810 686 880 destruere
733 812 1111 903 contingit,
1156 818 1405 895 aut(1)
1462 812 1768 893 recitatis

186 900 260 969 in
297 907 596 986 actione,
639 915 755 970 aut
804 904 1169 971 nominatis
1210 903 1519 972 testibus.
1555 903 1763 989 Quod

183 992 270 1061 i-is
297 992 755 1083 temporibus,
791 992 1037 1085 quibus
1065 994 1252 1062 testis
1272 1018 1409 1061 non
1438 993 1569 1061 nis-i
1607 1006 1765 1083 post

180 1080 420 1151 finitas
466 1088 756 1173 aclioneffs
803 1083 1211 1175 rogabatur,
1262 1097 1329 1152 et
1375 1078 1641 1151 facilius
1693 1095 1763 1153 et

180 1172 617 1278 frequentius
654 1174 804 1242 fuit.
833 1174 1020 1261 Quid
1053 1188 1279 1259 autem
1313 1174 1385 1241 in
1426 1198 1763 1265 quemque

178 1275 466 1332 testium
499 1264 862 1333 dicendum
898 1264 1016 1345 sit,
1053 1265 1269 1347 sumi,
1303 1264 1433 1332 nisi
1467 1263 1553 1333 ab
1585 1264 1761 1355 ipso,-

179 1376 342 1423 rum
375 1356 721 1445 personis,
758 1379 895 1422 non
925 1367 1169 1445 potest.
1727 1407 1733 1415 .

169 1520 173 1528 ,
271 1445 584 1538 Reliquae
621 1444 1086 1536 interrogandi
1129 1456 1285 1513 sunt
1326 1456 1571 1535 partes,
1600 1450 1757 1532 Qua

176 1534 252 1603 in
295 1560 370 1603 re
408 1536 700 1625 primum
734 1546 866 1615 est,
918 1560 1115 1603 nosse
1151 1547 1432 1603 testem:
1464 1560 1621 1603 nam
1669 1535 1759 1605 ti·-

103 1630 116 1636 ’
173 1624 410 1694 mid-us
449 1626 734 1705 terreri,
781 1624 1028 1693 stultus
1069 1624 1331 1715 decipi,
1384 1624 1757 1695 iracundus

174 1714 514 1807 concita-ri
547 1764 564 1795 ,
603 1714 999 1783 ambitiosus
1031 1714 1252 1783 inflari
1277 1766 1298 1797 ‚
1328 1714 1569 1805 longus
1604 1740 1753 1805 pro.-

171 1805 363 1873 trahi
409 1817 678 1896 potest:
725 1804 1024 1896 prudens
1061 1830 1221 1873 vero
1268 1817 1335 1872 et
1384 1816 1699 1874 constans
1729 1856 1751 1889 ‚

171 1896 332 1976 vel,
385 1908 706 1988 tanquam
758 1894 1075 1963 inimicus
1112 1908 1179 1963 et
1222 1894 1578 1985 pervicax,
1630 1894 1751 1963 di-

171 1985 557 2053 mittendus
583 1986 805 2055 statim
829 2010 850 2069 3
881 1984 987 2054 vel
1015 2010 1153 2053 non
1183 1984 1751 2075 interrogatione,

174 2076 297 2144 sed
337 2076 524 2145 brevi
565 2075 1095 2145 interlocutione
1139 2075 1405 2167 patroni
1446 2074 1753 2156 refutari-j

179 2166 312 2234 dus
338 2180 501 2251 ·est;
543 2179 658 2235 aut
685 2166 773 2235 ati
829 2192 952 2249 uu,
995 2166 1046 2235 si
1071 2166 1423 2257 continget
1442 2162 1757 2246 ‚urbano

174 2255 366 2347 dicto
403 2194 955 2348 refrigeranffuu
1004 2268 1161 2338 aut,
1194 2257 1248 2325 si
1286 2256 1449 2347 quid
1492 2255 1763 2341 ineius.

172 2348 385 2417 vitam
411 2348 546 2416 dici
575 2348 826 2436 poterit
849 2396 878 2429 ‚.
901 2346 1182 2414 infamia
1214 2346 1575 2415 criminum
1600 2344 1746 2415 des-

171 2438 533 2505 truendus,
567 2435 826 2505 Probos
866 2436 1193 2529 quosdam
1228 2450 1295 2505 et
1324 2438 1747 2509 verecundos

168 2552 315 2597 non
351 2554 421 2596 as
465 2552 584 2609 ,ere
629 2528 959 2595 incessere
997 2527 1304 2619 profuit3
1346 2552 1502 2596 nam
1534 2554 1704 2617 saepe
1728 2569 1764 2611 ,ε

167 2618 288 2710 qui
372 2554 692 2687 aXversus
753 2616 1199 2687 insectantem
1263 2631 1677 2709 pugnassent
1720 2668 1745 2709 2
1826 2678 1833 2681 .

163 2708 504 2777 modestia
551 2708 975 2797 mitigantur.
1657 2722 1665 2727 “

255 2799 502 2871 Omnis
533 2812 759 2867 autem
796 2796 1247 2887 interrogatio
1280 2808 1395 2865 aut
1430 2796 1501 2865 in
1532 2820 1740 2865 causa

163 2902 309 2975 est,
339 2901 458 2957 aut
484 2904 668 2958 extra
704 2912 994 2959 causam.
1027 2894 1106 2956 In
1140 2912 1345 2957 causa
1367 2940 1385 2971 ‚
1419 2887 1596 2955 sicut
1628 2910 1753 2953 ac-.

161 2980 464 3051 cusatori
497 2980 934 3071 praecepimus
954 3030 972 3064 ,
999 2990 1328 3071 patronus
1354 3000 1623 3069 quoque
1646 2974 1751 3045 al«

308 3100 337 3111 κ

229 3161 286 3238 (ι
305 3173 332 3239 )
351 3170 478 3235 Legi
507 3168 660 3235 possit
675 3172 834 3219 citatis
852 3185 870 3218 .·
891 3180 944 3219 ut
963 3150 1025 3217 sit
1044 3185 1237 3224 sensus,
1255 3162 1527 3231 aliqnando
1557 3180 1739 3239 Perpe-

158 3251 242 3291 tua
259 3237 494 3287 oratione·
507 3234 711 3285 refutari
729 3245 896 3299 testem
913 3272 932 3299 ,
949 3246 1032 3285 aut
1052 3251 1167 3283 cum
1185 3247 1297 3279 eum
1312 3232 1517 3278 citamus
1532 3266 1547 3291 ‚
1566 3228 1620 3277 ld
1638 3242 1735 3292 est,

160 3322 330 3354 coram
340 3318 574 3353 vocamus
591 3299 646 3349 in
666 3312 983 3366 conspectum
992 3296 1213 3362 indicum
1228 3332 1244 3358 ,
1264 3305 1347 3343 aut
1362 3311 1480 3345 cum
1500 3293 1753 3347 duntaxat.

159 3369 510 3437 nummulus,
530 3382 634 3419 non
655 3364 988 3418 etiam-coram
999 3362 1313 3417 advocamus.
1342 3358 1504 3415 Tum.
