2175 3809
654 319 721 384 D
742 339 780 386 Ε
844 319 925 384 Μ
940 337 989 384 u
1008 337 1041 385 s
1062 339 1087 382 1
1113 334 1148 382 c
1170 338 1233 384 Β.
1671 327 1764 406 47

184 406 509 501 Orpheus
542 418 613 478 et
632 406 886 490 Linus,
912 429 1204 500 quorum
1233 417 1460 480 utrum
1513 429 1594 474 ue
1630 403 1766 477 diis

185 501 501 592 genitum
526 549 545 582 ‚
588 497 879 568 alterum
908 521 1069 568 vero
1095 549 1113 580 ,
1156 495 1340 590 quod
1377 522 1456 566 ru
1507 521 1576 566 es
1603 522 1768 588 quo-

182 617 315 684 que
375 605 583 682 atque
648 601 942 681 agrestes
992 587 1258 658 animos
1311 586 1766 660 admiratione

182 681 549 764 mulceret,
584 706 723 748 non
749 680 925 750 feras
950 677 1154 750 modo
1180 732 1199 763 ‚
1229 679 1344 748 sed
1381 704 1534 750 saxa
1561 679 1770 750 etiam

183 773 548 864 sylvasque
598 769 904 852 duxisse,
957 769 1374 874 posteritatis
1425 770 1767 840 memoriae

180 863 523 934 traditum
577 875 699 931 est.
744 867 833 930 Et
884 867 1296 966 Timagenes
1348 873 1588 932 auctor
1617 874 1766 948 est,

180 953 499 1024 omnium
544 953 617 1024 in
666 952 913 1022 litteris
953 951 1340 1022 studiorum
1372 952 1770 1046 antiquissi-
1805 971 1822 979 ·

182 1071 363 1115 mam
390 1044 699 1114 musicen
724 1042 1021 1114 extitisse
1042 1069 1063 1126 ;
1093 1056 1166 1114 et
1187 1043 1582 1113 testimonio
1609 1055 1770 1113 sunt

184 1135 551 1206 clarissimi
584 1145 837 1226 poete,
876 1133 1059 1226 apud
1103 1159 1272 1226 quos
1301 1133 1482 1204 inter
1515 1135 1772 1226 regalia

184 1225 505 1296 convivia
570 1225 805 1298 laudes
875 1224 1164 1294 heroum
1211 1250 1291 1296 ac
1345 1223 1638 1294 deorum
1681 1223 1773 1296 ad

180 1317 523 1388 citharam
558 1317 1005 1386 canebantur.
1036 1322 1236 1409 lopas
1279 1340 1444 1386 vero
1475 1314 1593 1388 ille
1620 1316 1772 1388 vir-

186 1408 341 1502 gilii
386 1433 621 1480 nonne
658 1409 845 1478 canit
878 1434 896 1480 ε

464 1547 735 1600 Errantem
770 1547 971 1600 Lunam
990 1586 1005 1615 ,
1037 1547 1273 1618 Solisque
1317 1547 1529 1598 laborm.
1567 1555 1592 1607 (
1614 1547 1676 1617 ι)

280 1663 559 1752 Quibus
604 1678 783 1736 certe
829 1665 1051 1759 palam
1107 1663 1468 1736 confirmat
1527 1677 1770 1734 auctor

187 1755 774 1826 eminentissimus
810 1809 829 1842 ‚
906 1757 1213 1828 musicen
1277 1781 1432 1826 cum
1492 1753 1777 1825 divina-

184 1873 347 1934 rum
408 1847 617 1916 etiam
667 1873 893 1917 rerum
954 1847 1350 1940 cognitione
1421 1871 1564 1916 esse
1614 1869 1778 1914 con-

188 1942 523 2030 junctam,
584 1937 791 2028 Quod
838 1939 895 2008 si
931 1939 1168 2023 datur,
1205 1937 1333 2007 erit
1367 1936 1572 2006 etiam
1632 1960 1780 2006 ora-

190 2030 334 2102 tori
397 2029 801 2102 necessaria.
847 2029 1200 2124 Siquidem
1262 2035 1396 2114 (ut
1431 2027 1774 2114 diximus)

182 2119 339 2191 haec
404 2147 677 2214 quoque
738 2147 939 2213 pars,
1000 2148 1150 2215 quae
1225 2119 1310 2191 ab
1386 2118 1776 2190 oratoribus

190 2211 439 2288 relicta
464 2265 486 2298 ,
535 2237 573 2282 a
608 2212 1033 2306 philosophis
1058 2225 1160 2283 est
1191 2224 1518 2305 occupata
1547 2264 1570 2296 ‚
1624 2235 1776 2283 nos-

194 2304 285 2372 tri
333 2303 563 2394 operis
608 2303 789 2389 fuit3
843 2331 923 2374 ac
964 2305 1110 2374 sine
1174 2304 1480 2374 omnium
1541 2301 1779 2372 talium

194 2393 487 2466 scientia
552 2419 693 2464 non
766 2409 990 2488 potest
1050 2421 1192 2466 esse
1275 2393 1573 2486 perfecta
1635 2392 1778 2462 elo-

196 2486 511 2578 quentia.
554 2491 775 2580 Atque
826 2485 1043 2558 claros
1095 2485 1372 2556 nomine
1433 2484 1780 2577 sapientiae

196 2575 423 2664 viros,
453 2603 651 2647 nemo
678 2577 1096 2649 dubitaverit
1125 2576 1463 2646 studiosos
1495 2575 1782 2648 musices

197 2667 479 2753 fuisse3
545 2695 755 2762 quum
816 2669 1238 2762 Pythagoras
1279 2720 1298 2751 ‚
1359 2679 1560 2760 atque
1623 2687 1782 2754 euni

200 2759 480 2844 secuti,
536 2773 881 2854 acceptam
943 2759 1089 2830 sine
1141 2759 1352 2830 dubio
1405 2758 1783 2866 antiquitus

200 2850 647 2954 opinionem,
691 2852 1163 2945 vulgaverint,
1200 2849 1526 2922 mundum
1559 2871 1784 2942 ipsum

202 2965 285 3010 ea
354 2953 622 3012 ratione
657 2968 802 3012 esse
856 2944 1348 3036 compositum,
1397 2963 1596 3034 quam
1632 2961 1786 3029 pos-

171 3041 315 3100 ·tea
360 3030 449 3100 sit
500 3032 645 3125 lyra
701 3035 983 3104 imitata.
1042 3043 1184 3105 Nec
1229 3035 1345 3104 illa
1382 3030 1586 3102 modo
1621 3052 1788 3098 con-

199 3118 387 3192 tenti
464 3121 901 3198 dissimilium
964 3126 1330 3198 concordia
1393 3146 1595 3212 quam
1675 3144 1790 3190 vo-

204 3237 373 3295 cant
420 3221 661 3305 ἁρμονίαι
702 3243 947 3292 sonum
1007 3243 1278 3310 quoque
1337 3213 1446 3284 his
1489 3209 1789 3281 motibus

182 3313 579 3388 dederunt.
626 3309 799 3382 Nam
842 3310 1038 3382 Plato
1073 3362 1094 3396 ,
1137 3332 1292 3379 cum
1332 3304 1404 3379 in
1447 3303 1600 3378 aliis
1637 3301 1791 3405 qui-

254 3435 591 3509 41)an
618 3432 829 3492 aad.
856 3434 950 3492 ub.
974 3451 1039 3495 ι,
1061 3447 1114 3484 v.
1143 3429 1258 3498 246.
