2175 3809
390 223 483 296 ’88
846 227 1023 293 ΙΛΒ.
1071 227 1168 292 11.
1227 227 1410 294 ΟΜ».
1462 228 1548 292 V.

392 313 772 410 exemplum
819 321 919 400 (1)
948 327 1258 384 nostrum
1299 313 1782 407 sequebantur.
1821 321 1974 403 Nee

392 419 620 478 tamen
647 405 850 478 etiam
874 405 1119 512 siquid
1151 406 1310 479 novi
1336 406 1442 476 vel
1470 431 1618 476 sero
1650 406 1972 476 invenis-

391 522 552 582 sem,
585 497 782 589 praeci
836 522 1036 566 erem
1062 509 1406 589 posterum
1431 496 1740 589 puderet.
1763 504 1972 568 Nune

389 614 551 660 vero
579 587 720 658 seio
754 588 773 657 i
870 585 1017 656 fieri
1046 588 1228 680 apud
1255 595 1522 658 Graecos
1547 639 1565 672 ‚
1597 588 1716 658 sed
1749 589 1971 682 magis

386 677 512 774 'per
542 679 931 768 adjutores3
958 679 1118 770 quia
1144 705 1284 749 non
1312 679 1633 751 videntur
1657 691 1972 772 tempora

389 771 803 852 suffectura,
840 768 895 838 si
946 768 1332 861 legentibus
1379 770 1668 863 singulis
1723 770 1970 862 praeire

386 883 652 952 semper
687 860 815 953 ipsi
851 859 1087 929 velint.

479 959 561 1022 11.
587 957 672 1021 Et
693 949 920 1022 hercle
939 951 1294 1042 praelectio,
1327 975 1472 1043 quae
1499 949 1570 1020 in
1609 951 1742 1023 hoc
1767 951 1972 1022 adhi-

384 1040 589 1113 betur
636 1097 654 1129 ‚
722 1055 798 1112 ut
858 1042 1057 1113 facile
1121 1056 1322 1136 atque
1378 1041 1698 1112 distincte
1760 1045 1967 1136 pueri

386 1135 637 1226 scripta
689 1133 907 1205 oculis
951 1147 1365 1227 sequantur,
1399 1134 1605 1204 etiam
1651 1134 1767 1203 illa
1813 1161 1968 1226 quae

384 1226 525 1315 {vim
573 1231 898 1319 cujusque
944 1225 1178 1308 verbi,
1223 1224 1279 1295 si
1323 1224 1507 1318 quod
1549 1225 1773 1319 minus
1808 1226 1971 1295 usi-

382 1328 601 1386 tatum
646 1317 941 1400 incidat,
999 1318 1237 1402 docet,
1271 1316 1558 1386 multum
1594 1317 1772 1386 infra
1813 1315 1970 1386 rhe-

380 1409 553 1478 toris
581 1409 880 1477 officium
908 1408 1356 1478 existimanda
1381 1419 1502 1476 est.
1529 1413 1621 1477 At
1646 1407 1972 1478 demons-

378 1509 562 1568 trare
608 1499 893 1568 virtutes
924 1551 942 1581 ‚
980 1493 1083 1566 vel
1114 1549 1132 1579 ‚
1168 1497 1505 1589 siquando
1538 1498 1638 1567 ita.
1664 1498 1969 1587 incidat,

379 1589 549 1660 vitia
574 1642 592 1674 ‚
633 1588 705 1658 id
736 1587 1180 1680 professionis
1211 1593 1356 1682 ejus
1383 1599 1584 1681 atque
1609 1589 1967 1681 promissi,

379 1680 496 1773 qui
544 1706 614 1749 se
656 1679 1056 1772 magistrum
1099 1677 1506 1770 eloquentiae
1546 1681 1968 1786 pollicetur,

378 1772 668 1841 maxime
718 1770 1070 1864 proprium
1114 1782 1266 1855 est3
1317 1795 1400 1839 eo
1453 1771 1728 1863 quidem
1771 1772 1967 1842 vali-

377 1863 533 1933 dius
559 1917 577 1947 ,
604 1862 798 1957 ‘quod
842 1889 983 1932 non
1014 1862 1251 1954 utique
1287 1863 1472 1932 hunc
1503 1862 1805 1934 laborem
1840 1863 1966 1934 do—

376 1955 678 2026 centium
707 1954 978 2046 postulo
1004 2008 1021 2037 ‚
1060 1967 1138 2023 ut
1162 1953 1248 2024 ad
1271 1953 1603 2045 gremium
1635 1961 1734 2040 (2)
1760 1981 1965 2026 revo-

369 2047 569 2130 catis,
598 2050 791 2132 cujus
824 2045 1112 2149 quisque
1145 2071 1380 2114 eorum
1415 2045 1600 2128 velit,
1629 2045 1784 2116 libri
1819 2046 1966 2117 lec-

294 2151 299 2156 “
374 2137 563 2206 tione
601 2137 1008 2206 deserviant.
1042 2142 1216 2204 Nam
1249 2135 1416 2204 mihi
1451 2161 1605 2206 cum
1643 2137 1963 2227 facilius,

372 2223 519 2296 'tum
570 2229 775 2296 etiam
834 2225 1050 2295 multo
1111 2226 1326 2320 magis
1385 2226 1663 2298 videtur
1721 2229 1893 2298 utile
1937 2283 1963 2316 ‚

371 2317 553 2387 facto
578 2316 853 2387 silentio
883 2342 1095 2386 unum
1129 2317 1424 2423 aliquem
1463 2317 1692 2412 (quod
1725 2319 1959 2413 ipsum

316 2451 323 2454 -
372 2407 692 2501 imperari
733 2433 855 2501 per
897 2409 1075 2480 vices
1114 2423 1446 2503 optimum
1496 2419 1649 2497 est)
1693 2413 1962 2483 consti-

323 2587 329 2592 ·
369 2511 562 2570 tuere
607 2499 930 2570 lectorem
956 2553 976 2586 ‚
1038 2514 1113 2570 ut
1159 2502 1474 2592 protinus
1516 2502 1960 2595 pronuncia-

370 2592 548 2662 tioni
616 2616 888 2688 quoque
953 2605 1386 2678 assuescant3
1451 2603 1597 2663 tum
1645 2595 1957 2688 exposita

390 2775 398 2782 .
436 2733 459 2800 (
474 2751 491 2784 ι
512 2733 667 2802 >Non
686 2733 914 2800 legebant
928 2732 985 2783 in
1002 2731 1172 2784 schola
1194 2731 1455 2784 historicos
1471 2745 1521 2784 et
1547 2747 1757 2786 oratores
1775 2774 1790 2801 ,
1808 2737 1952 2790 unde

367 2800 591 2868 exempla
622 2798 876 2850 scribendi
896 2811 1149 2866 peterent3
1185 2798 1271 2848 sed
1295 2798 1540 2866 proposita
1556 2819 1584 2851 a
1611 2802 1755 2852 nobis
1781 2819 1954 2854 exem-

364 2869 447 2938 pla
470 2867 814 2934 sequebantur.
843 2865 997 2918 Paulo
1008 2864 1242 2916 inferius:
1262 2865 1363 2914 An
1385 2882 1496 2914 vero
1513 2865 1807 2918 declamabit
1831 2873 1955 2937 qui-

366 2935 479 2984 dem
496 2943 775 3000 proeceptor
786 2972 797 2994 ,
820 2941 879 2980 ut
902 2933 969 2980 sit
994 2931 1221 2999 exemplo
1238 2933 1339 2980 suis
1355 2930 1659 2982 auditoribus
1675 2949 1692 2981 :
1711 2951 1814 2984 non
1827 2935 1951 3002 plu-¹

368 3000 663 3051 contulerint
692 2997 805 3048 lecti
840 2993 1009 3045 Cicero
1038 3015 1101 3046 ac
1139 2995 1497 3048 Demosthenes
1519 2996 1551 3044 Ρ

434 3068 456 3134 (
479 3067 551 3134 2)
590 3067 705 3118 Non
728 3063 783 3112 id
812 3061 959 3127 exigo
978 3081 1005 3111 a
1030 3061 1351 3128 docentibus,
1380 3073 1463 3127 nt,
1492 3073 1728 3130 tanquam
1752 3063 1792 3114 si
1822 3082 1952 3133 pue-

362 3149 443 3184 ros
473 3131 732 3182 instituant
750 3145 841 3196 qm
864 3127 1032 3178 adhuc
1051 3129 1261 3179 velutin
1290 3128 1481 3196 gremio
1505 3130 1822 3198 praeceptoris
1838 3151 1952 3184 ver-

362 3211 531 3248 tentur
553 3235 570 3262 ‚
618 3213 770 3265 quem
810 3195 1024 3262 quisque
1052 3212 1224 3248 eorum
1252 3194 1371 3246 velit
1412 3195 1599 3248 librum
1639 3196 1894 3265 explicent
1931 3215 1946 3249 ε

366 3262 504 3336 quod
532 3263 728 3318 fortasse
769 3273 881 3316 tuuc
910 3261 965 3312 in
1000 3278 1091 3314 usu
1129 3275 1231 3323 etat
1262 3261 1493 3333 privatim
1529 3280 1706 3334 pueros
1745 3262 1946 3324 decen-2

266 3329 270 3335 ·
358 3321 511 3400 psus.
