2175 3809
349 240 486 308 252
763 242 934 306 Lu.
984 244 1069 306 V.
1120 241 1302 307 Car.
1354 242 1529 307 v11.

343 343 494 435 ‘dici
542 342 735 413 solet.
773 350 897 415 Est
947 345 1060 415 hic
1102 352 1461 417 communis
1496 344 1721 430 Iocus,
1772 372 1941 419 cum

346 457 508 527 pars
538 435 748 505 altera
775 437 1034 505 nullam
1057 435 1425 505 firmiorem
1450 437 1938 529 probationem

349 552 495 595 esse
550 528 950 610 contendit,
992 553 1191 620 quam
1243 552 1388 619 quae
1434 527 1521 595 sit
1568 528 1939 599 hominum

353 617 640 686 scientia
667 619 858 688 nixa:
883 619 1093 687 altera
1112 669 1135 701 ‚
1160 616 1245 685 ad
1271 616 1761 687 detrahendam
1788 620 1939 689 illis

351 705 586 795 fidem,
635 710 864 778 omnia
887 762 907 792 ‚
938 733 1059 800 per
1093 733 1237 800 quae
1270 707 1419 777 fieri
1452 708 1716 777 soleant
1758 710 1937 780 falsa

343 798 748 868 ‘testimonia
772 853 790 883 ‚
827 810 1202 868 enumerat.
1235 805 1536 890 Sequens
1571 799 1749 867 ratio
1779 812 1880 869 est
1908 853 1936 887 ,

358 914 512 959 cum
561 889 944 981 specialiter
985 890 1298 983 quidem,
1331 888 1450 957 sed
1490 902 1716 959 tamen
1752 891 1937 960 mul-

347 991 460 1048 ·tos
491 982 744 1072 pariter
771 980 1090 1053 invadere
1124 981 1393 1071 patroni
1410 980 1651 1049 solent.
1670 988 1845 1049 Nam
1860 990 1934 1051 et

353 1076 460 1156 (1)
475 1072 780 1164 gentium
802 1072 1000 1141 simul
1021 1072 1490 1139 universarum
1508 1071 1769 1140 elevata
1784 1085 1933 1141 'tes-

347 1162 639 1231 timonia
674 1164 760 1233 ab
792 1162 1179 1232 oratoribus
1203 1161 1481 1243 scitum,
1515 1174 1585 1230 et
1613 1175 1759 1231 tota
1794 1188 1933 1254 ge-

347 1278 521 1321 nera
565 1255 1108 1325 testimoniorum
1131 1306 1149 1336 ‚
1186 1265 1261 1320 ut
1292 1252 1376 1321 de
1412 1258 1511 1336 (2)
1547 1252 1931 1325 auditioni-

247 1428 262 1433 ·
348 1342 515 1429 bus3
545 1370 683 1414 non
699 1347 882 1415 enim
915 1346 1095 1437 ipsos
1115 1368 1255 1413 esse
1272 1343 1641 1426 testes‚sed
1669 1344 1931 1433 injura-

347 1446 580 1504 torum
603 1438 845 1505 afferre
879 1460 1113 1519 vo⁴ces3
1149 1446 1355 1526 utque
1388 1433 1461 1501 in
1495 1440 1717 1503 causis
1742 1462 1929 1525 repe-

345 1526 735 1607 tundarum,
772 1526 888 1618 qui
923 1550 993 1594 se
1028 1550 1148 1593 reo
1178 1549 1565 1593 numerasse
1594 1528 1929 1615 pecunias

339 1619 616 1705 jurant,
653 1614 1116 1706 litigatorum,
1150 1638 1291 1683 non
1322 1615 1631 1699 testium,
1668 1616 1928 1686 haben·

335 1704 476 1775 'dos
516 1705 688 1777 loco.
731 1705 1012 1775 Interim
1054 1704 1373 1775 adversus
1404 1705 1713 1798 singulos
1752 1708 1929 1779 diri-

343 1794 538 1890 gitur
563 1803 742 1868 actio
769 1823 794 1867 .·
844 1796 1028 1891 quod
1069 1796 1541 1867 insectationis
1586 1822 1804 1889 genus
1852 1813 1925 1869 et

341 1889 752 1980 permixtum
801 1886 1184 1958 defensioni
1228 1888 1511 1979 legimus
1555 1888 1627 1956 in
1662 1890 1927 1960 oratio-

341 1978 554 2049 nibus
574 1979 916 2072 plurimis,
941 1991 1009 2048 et
1032 1980 1393 2071 separatim
1418 1976 1710 2065 editum,
1740 1980 1925 2053 sicut

344 2068 420 2141 in
457 2072 812 2141 Vatinium
841 2082 1103 2139 testem.

435 2166 691 2230 Totum
707 2160 918 2253 igitur
935 2159 1349 2229 excutiamus
1368 2158 1615 2244 locum,
1634 2163 1925 2255 quando

337 2251 726 2320 universam
780 2249 1281 2319 institutionem
1316 2252 1612 2343 acgressi
1656 2280 1919 2326 sumus·

333 2342 778 2411 Sufficiebant
829 2340 1081 2435 alioqui
1137 2339 1295 2410 libri
1341 2306 1477 2411 tl>uo
1516 2366 1553 2410 a
1596 2346 1922 2416 Domitio

325 2432 509 2503 'Afro
542 2432 614 2502 in
655 2432 838 2501 hanc
869 2458 1008 2502 rem
1045 2432 1447 2524 compositi,
1497 2436 1697 2525 quem
1743 2436 1917 2506 ado-

333 2522 755 2593 lescen'tulus
773 2547 1001 2592 senem
1029 2522 1241 2592 colui:
1268 2535 1338 2591 ut
1372 2549 1511 2592 non
1539 2524 1711 2593 lecta
1736 2526 1913 2598 mihi

332 2626 603 2685 tantum
639 2638 753 2697 ea,
788 2612 905 2683 sed
938 2612 1259 2707 pleraque
1294 2638 1372 2681 ex
1405 2614 1555 2706 ipso
1584 2614 1722 2684 sint
1748 2642 1917 2711 cog-

332 2706 505 2779 nita.
541 2713 603 2775 Is
635 2704 982 2775 verissime
1029 2704 1381 2796 praecipit,
1420 2705 1716 2810 primum
1760 2734 1913 2779 esse

329 2796 406 2867 in
441 2797 574 2867 hac
599 2808 791 2889 parte
839 2796 1140 2866 officium
1192 2806 1520 2876 oratoris,
1570 2810 1645 2865 ut
1688 2810 1909 2870 totam

327 2913 597 2959 causam
637 2885 1065 2956 familiariter
1098 2886 1281 2955 norit
1312 2913 1330 2954 a
1366 2886 1551 2977 quod
1592 2887 1740 2958 si'ne
1776 2888 1911 2959 du-

325 2978 446 3048 bio
479 2978 565 3049 ad
601 2978 829 3047 omnia
862 2978 1181 3069 pertinet.
1230 2976 1309 3046 ld
1358 2978 1700 3069 quomodo
1736 3005 1908 3049 con-

387 3125 416 3179 (
434 3134 454 3169 1
473 3118 497 3187 )
517 3117 693 3170 Cicero
715 3117 868 3169 elevat
889 3116 1165 3167 testimonia
1186 3118 1442 3169 Gallorum
1502 3134 1559 3167 ro
1579 3118 1823 3182 Fonteio,
1844 3137 1902 3175 n.

326 3198 346 3234 ι
360 3199 405 3233 1.
417 3212 482 3223 —
494 3184 576 3236 23.
589 3185 878 3237 Graecorum
904 3183 1297 3250 Asianorumque
1315 3190 1407 3251 p'ro
1420 3184 1461 3233 F
1483 3200 1601 3232 aceo
1618 3202 1671 3233 n.
1690 3200 1741 3251 9.
1762 3210 1794 3223 -
1818 3203 1837 3235 ι
1850 3205 1901 3238 2.

319 3263 493 3379 ²¹iiam)
528 3264 656 3318 Cum
688 3275 834 3321 testeo
869 3266 1044 3317 dicunt
1077 3276 1267 3317 tantum
1310 3282 1359 3317 se
1386 3264 1629 3318 audivisse
1664 3258 1901 3337 quid‘ab
