2175 3809
695 254 830 325 Dr.
888 256 1313 327 Exonnro.
1386 282 1393 287 ·
1670 251 1811 325 185.
1894 280 1902 286 ·

211 343 370 415 hoc·
403 368 729 503 Eerquam
763 372 915 415 raro
942 400 961 430 ‚
999 358 1072 414 ut
1106 346 1386 415 Asinius
1424 365 1549 435 pro
1590 346 1799 415 Urbi-

219 438 348 505 niae
455 437 1207 508 eredibus-Labienurn
1260 435 1627 505 adversarii
1683 462 1801 527 pa-

217 538 503 597 tronum
537 529 718 597 inter
743 542 1143 619 argumenta
1176 526 1363 597 malae
1407 551 1627 596 causoe.
1664 552 1803 619 po·-

218 618 380 687 suit.
422 624 647 711 Negat
697 620 837 691 haec
886 646 1028 689 esse
1069 622 1391 709 prooemia
1438 618 1811 687 Corne-lius·

216 708 486 813 Celsus,
521 711 685 801 quia
717 710 852 779 sint
882 724 1066 780 extra
1096 710 1312 781 litem.
1341 708 1473 779 Sed
1500 734 1801 801 egocum

219 812 628 869 auctoritate
687 828 1103 873 summorum
1170 815 1525 871 auctorum
1586 802 1801 892 magis

218 889 474 974 ducor,
527 904 672 960 tum
730 894 1074 983 pertinere
1130 894 1217 962 ad
1269 917 1539 963 causam
1589 908 1801 984 put0,

217 980 549 1073 quicquid
617 982 703 1051 ad
751 984 1089 1054 'dicentem
1132 986 1476 1077 pertinet3
1524 1008 1676 1053 cum
1712 984 1806 1055 sit

217 1073 531 1141 naturale
563 1128 581 1156 ‚
631 1087 706 1141 ut
753 1074 1014 1161 judices
1061 1076 1183 1160 iis,
1290 1101 1411 1143 uos
1467 1074 1801 1143 libentius.

217 1162 558 1251 audiunt,
587 1164 1093 1235 faciliusetiam
1126 1102 1431 1235 credant.
1786 1224 1795 1229 .

303 1261 372 1323 3.
396 1255 617 1347 Ipsius
643 1269 868 1325 autem
901 1256 1267 1349 litigatoris
1287 1280 1577 1348 persona
1608 1267 1801 1323 trac-

216 1345 427 1415 tanda
474 1347 659 1417 varie
709 1360 830 1416 est.
880 1355 1052 1422 Nam
1100 1360 1245 1415 tum
1300 1346 1600 1451 dignitas
1650 1350 1797 1434 ejus

217 1436 553 1530 allegatur
583 1488 602 1521 ‚
643 1451 790 1507 tum
827 1440 1349 1509 commendatur
1386 1436 1799 1507 lnfirmitasx-

215 1552 716 1622 nonnunquam
790 1530 1133 1623 contingit
1198 1529 1440 1600 relatio
1512 1530 1823 1599 merito-.

217 1641 410 1705 rum,
445 1619 547 1702 *de
591 1619 860 1712 -quibus
909 1621 1393 1691 verecundius
1421 1619 1797 1691 dicendum

217 1710 367 1779 erit·
389 1736 510 1780 sua
533 1764 552 1795 ‚
595 1736 796 1803 quam
831 1710 1090 1805 aliena,
1124 1712 1457 1781 laudanti.
1490 1712 1797 1785 Multum

213 1801 354 1893 agit
395 1826 626 1885 sexuS‚
651 1814 826 1871 ,aetas
847 1855 864 1885 ‚
894 1801 1252 1886 conditio3
1284 1803 1459 1869 utin
1496 1802 1795 1885 feminisf

215 1891 528 1976 senibus,
560 1891 844 1985 pupillis
870 1945 888 1977 ‚
924 1892 1215 1976 liberos,
1243 1903 1557 1979 parentes
1578 1943 1596 1975 ‚
1633 1917 1798 1971 con-3

212 1985 408 2075 juges
450 1982 926 2077 allegantibus,
963 1988 1138 2052 Nam
1172 1980 1315 2051 sola
1340 1993 1599 2050 rectum
1626 2008 1797 2073 quo·-

213 2099 344 2164 que
398 2074 696 2165 judicem
751 2073 1045 2144 inclinat
1098 2072 1469 2143 miseratio,
1510 2077 1861 2170 Degus·--‘¹

209 2164 427 2235 tanda
473 2178 703 2236 tamen
760 2164 902 2237 haec
947 2170 1317 2257 mommio,
1366 2190 1505 2235 non
1550 2190 1795 2237 consu-

219 2257 496 2328 menda.
653 2264 658 2269 ’

299 2364 369 2433 4.
400 2348 788 2419 Adversarii
815 2374 976 2421 vero
997 2374 1285 2441 persona
1319 2373 1529 2440 prope
1551 2347 1793 2419 iisdem

215 2440 536 2509 omnibus
562 2493 580 2524 ‚
615 2440 731 2510 sed
763 2466 799 2509 e
834 2440 1181 2511 contrario
1214 2439 1435 2509 ductis
1460 2492 1479 2522 ‚
1513 2439 1793 2531 impug-

214 2530 366 2599 nari
401 2531 594 2601 solet.
619 2537 792 2600 Nam
824 2544 891 2601 et
925 2544 1237 2624 potentes
1261 2531 1569 2621 sequitur
1600 2532 1795 2601 invi·-

209 2619 329 2691 dia
353 2674 372 2707 ,
409 2634 476 2690 et
517 2622 1289 2713 humilesrabjectosque
1327 2634 1790 2714 contemptus,

215 2725 574 2806 et‘turpes
627 2740 706 2782 ac
756 2728 1080 2783 nocentes
1136 2712 1371 2781 odium
1410 2740 1425 2781 ε
1472 2739 1616 2805 quae
1662 2712 1797 2783 tria

219 2816 378 2881 sunt
425 2804 509 2873 ad
543 2804 944 2876 alienandos
990 2804 1296 2894 judicum
1344 2804 1605 2873 animos
1656 2828 1793 2894 po·-

213 2895 619 2965 tentissima.
681 2902 916 2988 Neque
965 2896 1107 2965 haec
1154 2895 1381 2965 dicere
1432 2894 1593 2962 satis
1640 2905 1789 2978 est,

214 2984 400 3077 'quod
435 2984 637 3055 datur
671 2986 872 3055 etiam
907 2988 996 3056 im
1050 2987 1279 3056 eritis:
1317 2983 1636 3077 pleraque
1672 3009 1793 3051 au-

212 3076 476 3166 genda,
519 3091 638 3148 aut
685 3078 963 3147 minuen
1019 3104 1090 3161 a,
1133 3091 1209 3147 ut
1254 3073 1587 3165 expediet.
1635 3080 1792 3146 Hoc

213 3166 396 3237 enim
439 3169 731 3239 oratoris
768 3184 912 3251 est,
949 3168 1123 3238 illud
1158 3191 1391 3237 causoe.

303 3265 370 3329 5.
430 3259 746 3329 Judicem
803 3258 1324 3332 conciliabimus
1383 3253 1612 3338 nobis.,
1647 3280 1787 3327 non

211 3361 480 3448 tantum
514 3352 859 3425 laudando
879 3374 1034 3423 eum
1065 3346 1306 3440 (quod
1341 3358 1409 3417 et
1442 3344 1592 3419 fieri
1634 3373 1789 3421 cum
