2175 3809
365 319 533 378 ‘nm⁴
733 309 903 378 Lm.
949 311 1050 376 11.
1100 279 1293 378 ὄΑι».
1340 310 1573 378 XVII.

369 396 722 492 pugnandi
785 398 1089 492 pericula
1148 397 1557 471 ineuntibus
1592 450 1611 484 ‚
1669 397 2027 470 laudem·-

367 490 509 563 vita
539 489 872 582 potiorem
907 515 1048 560 esse
1082 491 1469 582 persuadet.

457 588 695 675 Neque
723 608 884 652 vero
906 607 1010 652 me
1039 580 1541 652 Lacedaemonii
1570 592 1689 649 aut
1710 581 1949 650 Athe-

301 751 306 758 ,
368 673 639 743 nienses
707 673 921 765 magis
997 673 1335 742 moverint
1376 726 1397 758 ,
1470 697 1673 766 quam
1730 697 1953 764 popu-

369 763 475 833 lus
524 789 844 834 romanus
869 817 888 849 ,
923 765 1105 856 apud
1142 789 1342 856 quem
1384 789 1645 834 summa
1677 787 1951 856 semper

367 854 755 925 oratoribus
781 855 1080 948 dignitas
1114 856 1267 925 suit.
1296 855 1634 948 Equidem
1668 879 1795 924 nec
1832 879 2011 944 mu„

363 945 556 1018 bium
621 946 1011 1018 conditores
1071 972 1229 1017 reor
1313 948 1513 1017 aliter
1574 947 1947 1016 effecturos

363 1037 618 1123 fuisse,
662 1051 740 1108 ut
773 1064 939 1146 vaga
988 1038 1109 1109 illa
1159 1038 1533 1110 multitudo
1590 1036 1805 1108 coiret
1864 1037 1949 1108 in

417 1129 702 1222 opulos,
751 1131 885 1200 nisi
935 1130 1137 1202 docta
1174 1156 1335 1202 voce
1386 1141 1757 1208 commota3
1814 1153 1955 1198 nec

365 1155 596 1316 legum
653 1234 1033 1316 repertores
1075 1222 1222 1292 sine
1261 1247 1520 1292 summa
1573 1220 1639 1290 vi
1699 1219 1957 1290 orandi

367 1327 809 1399 consecutos,
847 1323 922 1382 ut
963 1340 1030 1383 se
1070 1315 1199 1405 ipsi
1244 1314 1557 1384 homines
1600 1309 1687 1380 ad
1738 1311 1959 1381 servi-

363 1415 583 1473 tutem
614 1405 784 1494 juris
818 1403 1348 1496 adstringerent.
1388 1404 1579 1492 Quin
1614 1401 1759 1494 ipsa
1792 1402 1957 1473 vitae

366 1508 740 1588 praecepta,
775 1496 978 1564 etiam
1012 1496 1065 1564 si
1106 1509 1351 1566 natura
1396 1506 1557 1563 sunt
1610 1493 1899 1564 honesta
1928 1545 1954 1580 ‚

365 1585 520 1678 plus
554 1597 782 1654 tamen
815 1584 900 1654 ad
933 1584 1327 1655 formandas
1362 1597 1625 1654 mentes
1672 1585 1905 1656 valent
1930 1637 1955 1672 ,

369 1675 636 1768 quoties
714 1675 1304 1769 pulchritudinem
1370 1701 1603 1746 rerum
1676 1676 1957 1746 claritas

369 1768 704 1839 orationis
765 1768 1133 1840 illuminat.
1188 1775 1419 1857 Quare
1455 1820 1475 1854 ,
1548 1767 1815 1837 etiarnsi
1872 1766 1958 1838 in

369 1863 726 1954 utramque
763 1874 1024 1952 partem
1058 1861 1290 1932 valent
1333 1886 1520 1930 arma
1563 1859 1899 1930 facundiae
1929 1913 1953 1948 ,

369 1977 512 2020 non
541 1965 769 2021 tamen
802 1963 902 2022 est
927 1979 1195 2045 aequum
1227 1953 1300 2024 id
1352 1951 1592 2022 haberi
1648 1951 1903 2021 malum
1928 2005 1953 2038 ‚

370 2067 508 2202 ‹fJuo
539 2042 716 2113 bene
751 2043 854 2112 uti
899 2045 1082 2114 licet.
1116 2054 1376 2115 Verum
1410 2044 1553 2113 haec
1591 2044 1775 2136 apud
1832 2069 1957 2114 eos

401 2147 654 2203 ortasse
693 2148 1086 2228 quaerantur
1112 2189 1129 2219 ,
1164 2136 1285 2228 qui
1339 2159 1669 2206 summam
1717 2133 1961 2211 rheto-

367 2230 534 2294 rices
564 2224 650 2292 ad
699 2283 702 2286 .
745 2226 1158 2296 ersuadendi
1209 2227 1347 2296 vim
1410 2226 1817 2298 retulerunt.
1876 2227 1957 2300 Si

369 2341 531 2385 vero
562 2327 662 2384 est
737 2341 852 2387 ene
886 2317 1157 2388 dicendi
1204 2324 1477 2390 scientia
1504 2372 1523 2404 ,
1566 2343 1764 2426 quem
1824 2344 1957 2387 nos

349 2407 564 2494 finem
621 2407 1011 2501 sequimur,
1072 2423 1152 2481 ut
1190 2411 1278 2480 sit
1310 2423 1543 2481 orator
1589 2435 1662 2480 m
1712 2409 1979 2503 primis·

371 2499 478 2570 vir
507 2498 780 2586 bonus·,
836 2502 1078 2573 utilem
1122 2515 1303 2590 certe
1340 2528 1490 2573 eam
1520 2527 1665 2572 esse
1721 2499 1961 2572 confi-

368 2590 656 2665 tendum
691 2605 812 2663 cst.

276 2768 284 2776 η
461 2689 549 2752 Et
583 2683 809 2754 hercle
840 2685 1007 2756 deus
1041 2685 1157 2756 ille
1190 2685 1545 2779 princeps,
1576 2709 1824 2778 parens
1850 2709 1963 2755 re·-

369 2799 565 2860 rum,
609 2775 1114 2870 fabricatorque
1173 2777 1452 2861 mundi,
1482 2777 1684 2847 'nullo
1739 2777 1958 2870 magis

369 2867 717 2960 hominem
768 2869 1102 2962 separavit
1147 2894 1185 2942 a
1232 2869 1489 2940 caeteris
1516 2923 1535 2952 ,
1580 2893 1727 2962 quae
1784 2869 1959 2961 qui-

369 2960 526 3034 dem
573 2959 887 3035 mortalia
930 2972 1191 3046 essent,
1241 2960 1691 3045 animalibus,
1748 2985 1958 3065 quam

370 3050 647 3122 dicendi
699 3050 1044 3120 facultate.
1103 3058 1275 3124 Nam
1320 3077 1608 3148 corpora
1669 3051 1959 3144 quidem

367 3141 885 3236 magnitudine,
923 3141 1222 3232 viribus,
1262 3142 1625 3226 firmitate,
1668 3142 1961 3236 patien-

370 3233 466 3302 tia
492 3285 510 3317 ,
553 3235 915 3305 velocitate
949 3237 1420 3327 praestantiora
1452 3235 1539 3305 in·
1562 3233 1700 3305 illi-s
1744 3235 1958 3304 mutis

369 3323 677 3401 videmus
696 3350 718 3408 3
765 3325 1003 3398 eadem
1065 3330 1294 3398 minus
1356 3351 1554 3420 egere
1603 3327 1957 3418 acquisitae

371 3413 786 3502 extrinsecus
823 3417 995 3509 opis·
1043 3427 1219 3496 Nam
1250 3429 1319 3492 et
1371 3417 1642 3513 ingredi
1702 3416 1913 3495 citius
1939 3471 1959 3502 0

696 3517 705 3524 ’
1810 3531 1815 3536 ·
1892 3521 1963 3583 et
