2175 3809
405 202 520 275 xiv
884 206 940 275 P
973 228 1020 273 n
1053 226 1113 276 ..ι
1142 228 1185 273 r
1212 227 1261 275 A
1284 228 1329 275 ι·
1357 226 1389 273 1
1415 226 1481 272 ο.

497 291 856 389 Contingit
885 294 1119 367 multis
1136 292 1762 379 concionatoribus,
1780 296 1959 389 quiq

403 411 548 459 non
575 387 738 459 satis
762 389 1068 481 cogitant
1086 387 1448 481 plerosque
1480 385 1949 479 audientium,

403 477 614 551 etiam
665 505 782 551 eos
813 480 932 573 qui
969 480 1044 551 in
1077 479 1338 551 caeteris
1396 478 1655 551 eruditi
1688 478 1953 559 viden-,-

399 582 517 641 tur
541 622 562 655 ,
590 597 761 665 saepe
797 571 870 641 in
902 572 1109 643 rebus
1140 570 1397 643 divinis
1442 570 1743 641 infantes
1794 598 1944 644 esse

399 674 472 733 et
502 664 844 749 novitios;
881 663 1227 757 contingit
1261 662 1401 733 illis
1430 714 1449 751 ‚
1486 662 1780 757 ‘inquam
1802 717 1825 744 ,
1864 680 1947 735 ut

398 753 563 826 dum
589 780 839 848 magna
862 768 1134 827 tantum
1159 768 1229 826 et
1246 753 1571 825 sublimia
1588 757 1947 851 affectant,

399 859 524 917 aut
554 845 730 919 bene
765 860 1090 919 sonantes
1138 872 1461 945 numeros
1518 846 1725 919 nimis
1783 860 1949 918 stu-

181 974 223 1009 ι.
243 961 355 1012 cor.
400 936 596 1009 diosc
623 952 1109 1012 consectantur
1132 992 1153 1025 .,
1172 939 1359 1029 sacti
1376 936 1551 1011 velut
1574 965 1665 1011 aes
1691 964 1945 1013 sonans

69 1087 88 1093 ,
173 1027 349 1133 Ε’Ζξὲὲ·
395 1043 517 1101 aut
535 1031 919 1125 cymbalum
967 1037 1252 1103 tinniens
1281 1084 1302 1117 ‚
1336 1044 1457 1103 aut
1446 1032 1715 1194 ‘fotius
1742 1037 1951 1125 quasi

172 1148 250 1195 ³3.
272 1121 349 1198 32]
394 1148 658 1195 carmen
685 1130 1000 1197 musicum
1021 1125 1208 1219 quod
1229 1129 1428 1196 suavi
1494 1122 1753 1217 ulcique
1768 1150 1939 1197 sono

391 1222 688 1303 canitur,
717 1216 897 1288 nihil
922 1228 1165 1311 praeter
1198 1240 1487 1289 canoros
1518 1216 1843 1309 strepitus
1866 1230 1945 1289 et

392 1309 711 1381 confusas
738 1336 936 1385 voces
961 1310 1167 1381 edant
1195 1362 1214 1395 ‚
1238 1307 1501 1402 ‚quibus
1532 1334 1731 1379 aures
1778 1310 1945 1379 for-

388 1412 566 1471 tasse
631 1400 1087 1473 mulceantur.
1152 1406 1255 1469 Ita
1311 1400 1625 1493 plerique
1679 1426 1759 1473 ex
1794 1399 1943 1479 illis

387 1492 890 1578 concionibus,
957 1517 1099 1587 quo
1133 1504 1475 1583 tanquam.
1522 1491 1611 1561 ad
1672 1492 1939 1587 pingue

387 1586 779 1657 convivium
807 1588 846 1653 a
878 1580 1371 1677 patrefamilias
1396 1580 1667 1655 invitati
1711 1612 1937 1655 vene-

384 1689 543 1747 rant
575 1689 649 1748 ut
678 1676 836 1746 cibo
860 1674 1174 1747 veritatis
1204 1700 1349 1745 sese
1384 1674 1773 1767 explerent,
1822 1703 1936 1749 va-

387 1769 498 1840 cui
525 1782 594 1839 et
631 1769 872 1841 inanes
896 1778 1375 1853 revertuntur,
1411 1766 1746 1861 pictisque
1791 1769 1933 1841 illis

387 1860 610 1955 epulis
643 1887 784 1933 non
821 1860 1006 1953 -pasti
1041 1859 1163 1930 sed
1184 1857 1383 1942 ,illusi
1410 1910 1431 1945 ‚
1490 1856 1633 1931 inte
1686 1886 1827 1932 ram
1860 1874 1939 1935 et

162 1970 338 2020 mvn.
382 1958 690 2044 jejunam
705 1955 952 2025 famem
978 1950 1261 2028 domum
1286 1952 1617 2023 referunt.
1709 1954 1937 2043 amuli

190 2040 240 2087 ⁴·
258 2044 305 2089 ⁴·
376 2051 706 2137 petierunt
725 2069 987 2137 panem,
1007 2056 1076 2115 et
1102 2069 1235 2114 non
1265 2055 1414 2115 erat
1442 2048 1564 2135 qui
1582 2044 1933 2143 frangeret

380 2162 497 2211 ets.
991 2186 996 2191 -

203 2246 306 2296 Αιὶ-
475 2236 714 2324 Neque
738 2227 884 2299 haec
913 2230 954 2297 a
989 2252 1097 2297 me
1143 2224 1303 2297 ideo
1350 2216 1681 2301 dicuntur
1702 2283 1725 2317 ‚
1759 2243 1835 2301 ut
1880 2232 1933 2314 a<

158 2322 324 2420 ,ξξζξζξ
385 2322 594 2399 §ac-ris
628 2319 1082 2393 concionibus
1116 2319 1462 2391 exclusum
1487 2346 1761 2412 omnem
1792 2350 1930 2401 or-·,

185 2444 325 2476 oma-
385 2427 622 2484 natum
651 2413 881 2487 velim.
915 2420 1097 2485 Usus
1123 2411 1457 2483 orationis
1491 2439 1635 2486 non
1664 2415 1737 2485 in
1786 2416 1931 2495 hoc

173 2498 335 2610 ,23
383 2518 693 2599 repertus
719 2519 821 2577 est
852 2517 929 2577 ut
961 2505 1228 2575 tantum
1255 2520 1672 2597 cognoscant
1704 2502 1923 2580 audi-

183 2614 304 2659 lant·
383 2610 586 2685 toreS,
607 2600 730 2671 sed
754 2597 1111 2705 aliquanto
1129 2595 1344 2701 magis
1364 2609 1441 2667 ut
1458 2601 1919 2675 consentiant.

381 2698 550 2779 Quae
578 2704 810 2763 autem
844 2690 1144 2761 libenter
1168 2686 1465 2759 audiunt
1494 2742 1514 2773 ‚
1548 2716 1627 2761 ea
1674 2705 1745 2762 et
1772 2721 1919 2767 ma-

375 2784 480 2877 gis
512 2783 928 2870 attendunt,
973 2794 1041 2853 et
1087 2778 1361 2851 facilius
1392 2781 1684 2853 credunt
1710 2813 1727 2855 ε
1753 2786 1921 2880 ple..

375 2902 668 2969 rumque
731 2872 1190 2947 delectatione
1254 2872 1623 2966 capiuntur
1671 2903 1687 2946 ε
1739 2904 1919 2955 non-

375 2992 730 3062 nunquam
761 2966 1217 3051 admiratione
1274 2964 1707 3041 auferuntur.
1752 2977 1917 3043 Ha.-

373 3059 620 3131 beatur
636 3060 864 3153 itaque
881 3057 1058 3131 ratio
1073 3056 1194 3147 huj
1204 3083 1283 3151 us
1294 3056 1605 3129 humanae
1624 3058 1915 3146 infirmi-

306 3203 315 3212 -
373 3152 560 3224 tatis.
583 3160 742 3225 Non
776 3148 1120 3224 sit-oratio
1150 3149 1460 3243 neglecta
1494 3163 1562 3221 et
1587 3150 1923 3249 horrida,

374 3244 514 3327 hue
545 3257 618 3329 et
645 3245 816 3327 illuc
839 3243 1095 3331 temere
1118 3267 1357 3317 errans
1382 3295 1405 3334 ‚
1434 3243 1739 3339 ejusdem
1762 3248 1915 3328 ubi·
