2175 3809
79 3547 119 3776 l

297 355 304 360 '
389 347 518 417 ΒΕ
566 369 987 417 Pnnmcrs
1035 341 1445 419 Scnoms.
1632 345 1721 419 25

127 437 305 509 aliis,
373 439 635 508 Audiet
709 437 922 506 multa
981 438 1293 529 quotidie
1371 437 1647 531 probari
1694 477 1716 521 ·‚

131 531 345 599 multa
404 529 684 620 corrigi.
753 528 1070 608 Proderit
1122 529 1416 617 alicujus
1474 529 1726 616 objur-

131 634 285 712 gata
325 620 633 703 desidia,
663 617 977 712 proderit
1014 619 1289 700 laudata
1337 620 1677 690 industria
1709 671 1730 704 ‚

135 711 550 781 excitabitur
601 709 804 800 laude
861 709 1249 796 aemulati-o,
1282 724 1483 804 turpe
1524 710 1737 780 ducet

141 801 377 874 cedere
406 801 597 893 pari,
628 800 990 893 pulchrum
1031 827 1381 892 superasse
1415 806 1731 892 majores.

142 893 546 963 Accendurrt
589 893 828 960 ‘omnia
869 892 1010 961 haec
1064 892 1369 978 animos;
1402 906 1491 962 et
1558 893 1723 962 licet:

141 984 280 1075 ipsa
312 983 562 1054 vitium
589 983 677 1051 sit
721 982 1044 1068 ambitio,
1071 984 1465 1142 frequenter
1482 996 1723 1053 tamen

147 1101 336 1146 causa
355 1076 821 1144 virtutumest.
837 1081 988 1150 Non
1013 1075 1190 1142 inuti
1223 1101 1328 1146 em
1348 1074 1489 1143 scio
1504 1099 1723 1144 serva·-

147 1167 278 1236 uim
293 1191 442 1236 esse
463 1191 502 1234 a
521 1165 1060 1257 praeceptoribus,
1077 1165 1245 1234 meis
1270 1190 1563 1248 morem3
1586 1163 1737 1257 qui,

149 1255 289 1328 cum
331 1273 587 1349 pueros
620 1256 694 1324 in
733 1262 834 1342 (1)
895 1255 1139 1325 classes
1176 1255 1724 1339 distribuerant,
1838 1317 1845 1322 ,

155 1347 460 1418 ordinem
503 1347 780 1418 dicendi
825 1346 1203 1429 secundum
1250 1345 1429 1417 vires
1462 1345 1733 1439 ingenii

155 1438 400 1508 dabant
431 1463 453 1522 3
482 1441 550 1508 et'
586 1439 682 1508 ita‘
707 1437 1058 1531 superiore
1094 1436 1245 1516 loco
1276 1436 1561 1531 qui-sque
1594 1435 1733 1508 de·-

155 1529 527 1613 elamabat‘.‚
559 1540 642 1598 ut
674 1528 1054 1634 praecedere
1088 1528 1399 1620 profectu
1430 1527 1731 1598 videba-

155 1632 274 1690 tur.
323 1623 560 1708 Huius
607 1645 705 1688 τοι
764 1619 1024 1706 iudicia
1071 1619 1576 1712 praebebantur.
1624 1625 1728 1690 Ea

159 1712 349 1781 nobis
377 1713 625 1804 ingens
657 1709 897 1801 palmae
921 1710 1305 1783 contentio.
1334 1717 1435 1796 (2)
1459 1715 1734 1780 Ducere

159 1829 310 1871 vero
353 1802 677 1886 classem,
729 1802 945 1870 multo
989 1801 1550 1894 pulcherrimum.
1584 1807 1735 1870 Nec

157 1893 236 1962 de
249 1893 386 1962 hoc.
409 1895 519 1983 (3)
537 1891 742 1962 semel
764 1892 1118 1963 decretum
1136 1904 1319 1962 eratt
1350 1891 1735 1961 tricesimus

161 1981 300 2054 dies
322 1983 657 2054 reddebat
685 1983 866 2054 victo
887 1982 1279 2060 certaminis
1307 1993 1733 2082 potestatem.

163 2081 256 2144 Ita
279 2099 406 2144 nec
441 2101 517 2144 su
570 2074 754 2143 erior
785 2100 1099 2145 successu
1144 2099 1373 2144 curam
1407 2073 1733 2142 remitte-

166 2164 276 2235 bat
295 2219 314 2250 ‚
345 2178 418 2234 et
442 2165 530 2234 do
561 2191 639 2234 or
658 2165 914 2234 victum
941 2165 1028 2234 ad
1047 2164 1523 2257 depellendam
1546 2163 1739 2256 igno-

167 2257 442 2325 miniam
493 2255 903 2326 concitabat.
954 2255 1032 2325 Id
1065 2255 1266 2326 nobis
1300 2255 1595 2325 acriores
1649 2255 1738 2326 ad

172 2346 381 2416 studia
420 2344 696 2416 dicendi
729 2345 907 2416 faces
927 2345 1313 2416 subdidisse
1340 2399 1357 2426 ‚
1400 2371 1601 2438 quam
1626 2373 1738 2416 ex-

175 2436 591 2507 hortationes
670 2435 1066 2506 docentium
1112 2489 1133 2522 ,
1218 2436 1739 2528 paedagogorum

167 2527 561 2610 custodiam,
579 2541 735 2598 vota
761 2541 1119 2621 parentum
1136 2580 1155 2613 ‚
1173 2540 1503 2620 quantum
1526 2528 1739 2598 animi

175 2620 297 2690 mei
323 2621 723 2708 conjectura
749 2618 1076 2712 colligere
1108 2643 1383 2712 possum
1410 2670 1430 2704 ‚
1466 2633 1744 2690 conten-

179 2709 416 2780 derim.

257 2801 436 2884 Sed„
483 2800 662 2870 sicut
696 2799 1032 2873 firmiores
1064 2799 1138 2870 in
1174 2799 1421 2870 litter-is
1461 2801 1745 2894 prosec—

183 2903 280 2965 tus
329 2891 458 2962 alit
495 2891 877 2973 aemulatio,
911 2891 1010 2961 ita
1056 2891 1593 2984 incipientibus,
1645 2905 1746 2961 at-

182 3007 302 3073 que
391 2981 618 3052 adhuc
697 2982 952 3053 teneris
1014 3035 1034 3066 ‚
1122 2983 1751 3075 condiscipulorum

181 3097 378 3164 quam
487 3085 935 3166 raeceptorum
977 3073 1389 3161 jucundior,
1419 3075 1568 3145 hoc.
1605 3072 1767 3165 ipso·
1800 3153 1806 3158 ⁴

183 3163 364 3255 quod
450 3163 732 3250 acilior‚
765 3163 1065 3238 imitatio
1101 3178 1223 3247 est.
1257 3164 1413 3234 Vix·
1449 3162 1635 3232 enim
1688 3190 1761 3236 se

239 3286 260 3352 (
285 3304 302 3338 ι
323 3286 349 3356 )
375 3287 529 3338 Pueri
563 3285 782 3348 eiusdem
816 3287 992 3340 scholae
1023 3289 1082 3342 in
1101 3289 1257 3341 varias
1278 3289 1481 3352 classes,
1498 3287 1556 3340 id
1577 3301 1647 3340 est
1662 3327 1677 3355 ,
1696 3289 1757 3342 in

181 3353 333 3404 varios
351 3352 556 3403 ordines
571 3353 1002 3405 distribuebantur.

245 3417 324 3535 (αέ
352 3417 586 3470 Primum
601 3420 660 3470 iu
675 3437 760 3469 sua
773 3419 944 3490 elas-e,
961 3420 1020 3472 in
1035 3435 1127 3470 suo
1140 3416 1319 3470 ordine
1335 3416 1505 3468 locum
1520 3418 1763 3473 obtinere.

245 3485 273 3552 (
347 3483 372 3553 )
406 3485 470 3532 In
496 3496 809 3552 perpetuum.

387 3547 594 3620 Tome
621 3549 678 3622 1.
1409 3551 1470 3616 B
