2175 3809
506 297 621 364 Dr.
668 315 1100 366 nArssnus
1146 316 1496 366 nunus.
1699 299 1792 383 9⁴5

224 383 631 492 oportebat,
667 383 1077 455 indulsimus
1105 413 1122 454 :
1157 386 1255 456 ita
1285 397 1581 458 nontam
1607 383 1796 478 inge-

225 503 349 547 mo
371 475 474 547 illi
494 502 621 548 nos
647 489 1165 570 superaverunt,
1193 501 1400 570 quam
1423 477 1798 570 proposito.

142 634 149 639 .
228 567 459 638 Multa
480 591 644 661 ergo
679 565 1026 672 oportebit
1057 566 1310 660 eligere
1337 594 1353 636 ε
1388 566 1508 639 sed
1541 593 1802 638 curan-

226 658 395 728 dum
414 657 571 744 erit,
600 684 686 727 ne
720 658 823 744 nis,
858 657 1110 750 quibus
1127 658 1458 751 permixta
1483 672 1670 742 sunt,
1701 659 1803 728 in·-

230 749 991 842 quinentur.Quosdam
1013 775 1172 818 vero
1191 750 1418 834 etiam,
1437 775 1608 844 quos
1622 762 1804 820 totos

228 840 493 912 imitari
528 852 871 932 oporteat,
898 853 965 910 et
994 840 1203 911 fuisse
1229 866 1485 934 nuper,
1517 854 1587 912 et
1617 866 1806 912 nunc

228 955 373 1000 esse
400 937 507 1016 (1)
536 931 813 1024 quidem
832 930 1128 1004 libenter
1165 955 1305 1002 non
1353 933 1808 1004 concesserim

230 1021 441 1094 modo
466 1073 485 1104 ,
515 1046 751 1092 verum
774 1023 983 1094 etiam
1014 1022 1539 1094 contenderim?
1570 1023 1704 1097 Sed
1730 1023 1808 1094 hi

230 1111 567 1206 qui-sint,
628 1139 769 1192 non
815 1117 1146 1207 cujusque
1178 1126 1281 1184 est
1329 1114 1837 1206 pronunciare..

232 1204 493 1274 Tutius
516 1203 993 1298 circapriores
1025 1205 1133 1276 vel
1169 1217 1482 1290 erratur3
1521 1202 1814 1299 ideoque

234 1293 419 1366 hanc
442 1320 774 1366 novorum
810 1295 1046 1366 distuli
1084 1295 1450 1366 lectionem
1475 1347 1496 1382 ,
1539 1321 1626 1368 ne
1661 1296 1816 1368 imi-

234 1387 410 1458 tatio
434 1385 767 1476 judicium
805 1385 1264 1458 antecederet.

233 1517 1824 1555 WQMSUMQWSSMMSWSSQQSSQSSlssssssussmssmflm
1887 1557 1894 1570 ·

614 1617 1041 1684 CAPUT
1133 1616 1337 1683 Vll.

238 1749 478 1836 'Quales
494 1713 500 1718 ι
516 1757 776 1818 materias
814 1754 1099 1831 discipulis
1149 1757 1282 1816 dare
1337 1757 1414 1815 ad
1453 1753 1791 1818 scriba-dum

789 1835 991 1898 Rhetor
1028 1833 1246 1896 debeat.

240 1960 468 2076 Fun
498 1996 704 2090 etiam
752 1996 826 2068 in
861 1996 995 2067 hoc
1036 1995 1380 2068 diversum
1425 1994 1832 2102 praecipien-

242 2091 423 2163 tium
480 2088 909 2182 propositum
935 2142 955 2173 ,
1012 2087 1197 2184 quod
1244 2115 1484 2160 eorum
1545 2087 1832 2183 quidam

243 2179 564 2254 materias
606 2235 627 2265 ,
679 2207 844 2274 quas
910 2180 1267 2275 discipulis
1311 2181 1399 2252 ad
1459 2179 1832 2252 dicendum

243 2273 541 2358 dabant,
590 2299 732 2341 non
778 2273 1086 2343 contenti
1125 2273 1463 2344 divisione
1499 2272 1832 2366 dirigere,

242 2365 457 2436 latius
514 2362 811 2434 dicendo
864 2365 1497 2456 persequebantur-3
1545 2390 1675 2434 nec
1724 2390 1836 2434 so-

242 2457 393 2528 lum
426 2453 950 2548 probationibus
996 2455 1373 2548 implebant
1409 2510 1428 2541 ,
1473 2453 1591 2528 sed
1622 2455 1834 2526 etiam

242 2546 635 2620 affectibus.
666 2545 851 2632 Alii,
906 2573 1060 2618 cum
1094 2547 1346 2640 primas
1376 2547 1582 2618 modo
1617 2547 1836 2617 lineas

243 2637 600 2710 duxissent
621 2692 642 2725 ,
674 2651 828 2731 post
860 2635 1412 2724 declamationes,
1449 2637 1634 2734 quod
1667 2637 1834 2709 omi-

245 2732 449 2802 sisset
483 2731 771 2824 quisque
798 2783 817 2813 ,
846 2731 1278 2817 tractabant3
1313 2731 1646 2822 quosdam
1670 2755 1842 2799 vero

244 2824 475 2906 locos,
522 2847 665 2891 non
722 2822 989 2892 minore
1044 2844 1257 2908 cura,
1304 2848 1507 2915 quam
1561 2846 1716 2892 cum
1753 2817 1845 2888 ad

244 2913 623 2989 dicendum
649 2911 777 3005 ipsi
799 2925 1190 3006 surgerent,
1213 2912 1634 2984 excolebant.
1655 2909 1847 2980 Utile

245 3019 672 3098 utrumque3
706 3015 772 3072 et
807 3003 961 3075 ideo
1004 3018 1326 3076 neutrum
1369 3005 1455 3075 ab
1494 3002 1708 3072 altero
1742 3025 1843 3068 se-

244 3121 465 3190 paro:
501 3095 619 3164 sed
642 3148 661 3182 ‚
684 3095 737 3166 si
785 3096 1009 3166 facere
1065 3110 1332 3168 tantum
1366 3096 1662 3166 alterum
1706 3116 1849 3162 ne-

247 3213 436 3264 cesse
470 3185 597 3274 sit,
633 3185 787 3278 plus
817 3187 1128 3293 proderit
1177 3187 1678 3258 demonstrasse
1706 3207 1851 3253 rec-

244 3291 393 3352 tam
427 3278 745 3371 protinus
772 3305 948 3350 vlam
971 3333 989 3365 ,
1024 3305 1230 3372 quam
1263 3300 1581 3347 revocare
1627 3273 1713 3344 ab
1749 3300 1847 3345 er·-

306 3383 313 3390 ⁹
327 3402 353 3472 ζ
372 3400 426 3472 ι)
453 3401 677 3455 Plinium
696 3439 713 3470 ‚
748 3402 1007 3467 Tacitum,
1048 3414 1103 3452 et
1121 3401 1244 3453 alios
1268 3416 1364 3460 sua
1389 3399 1538 3452 atati·
1563 3391 1826 3465 immisit..
