2175 3809
362 188 507 279 ,³528
803 194 1007 281 Lm..
1036 195 1170 261 vl.
1233 192 1418 263 Car.
1489 188 1590 275 1.[

370 282 543 365 tiani
570 282 921 375 Capitonis
954 282 1354 367 videbatur,
1387 308 1598 375 graece
1679 282 1954 371 uidem‚·’

368 376 491 446 sed
540 375 612 445 in
650 374 840 445 hunc
878 400 1192 447 sensum:
1226 374 1580 445 Erubesczlr
1671 378 1949 449 cesarem

365 472 611 537 timere.
641 473 915 537 Summa
942 477 1168 535 tamen
1215 466 1606 537 concitandi
1657 467 1948 540 affectus

366 559 747 633 accusatori
780 559 850 629 in
879 558 1012 627 hoc
1034 568 1170 641 est,
1206 569 1284 625 ut
1313 556 1384 625 id
1403 608 1422 641 ‚
1445 557 1632 648 quod
1662 557 1947 647 objicit,

366 662 488 719 aut
511 675 710 743 quam
738 647 1270 733 atrocissimum,
1299 649 1637 717 autetiam
1655 702 1674 731 ‚
1701 648 1760 717 si
1785 648 1948 719 fieri

362 752 591 833 potest
619 793 638 826 ‚
699 766 903 835 quam
972 739 1259 809 maxime
1333 737 1722 825 miserabile
1761 766 1944 811 *esse

356 830 699 905 videatur.
742 844 746 848 '
906 900 913 903 .

452 924 799 995 Atrocitas
846 921 1089 993 crescit
1133 946 1214 991 ex
1250 920 1409 991 his:
1455 918 1643 1018 Quid
1659 920 1941 1013 sactum

360 1018 449 1085 sit
478 1066 499 1099 ‚
545 1040 591 1084 a
644 1040 771 1107 quo
802 1066 821 1098 ‚
868 1018 939 1081 in
995 1036 1182 1103 quem
1225 1063 1244 1096 ‚
1301 1037 1428 1103 quo
1479 1015 1700 1082 animo
1735 1064 1757 1098 ‚
1803 1038 1936 1106 quo

356 1116 643 1197 tempore
661 1158 679 1191 ‚
704 1130 831 1199 quo
864 1102 1008 1173 loco
1035 1155 1057 1188 ‚
1090 1129 1224 1262 guo
1253 1103 1448 1174 modo
1469 1124 1494 1168 .·
1525 1128 1669 1196 quse
1697 1106 1934 1175 omnia

358 1196 673 1268 infinitos
703 1194 1049 1266 anfractus
1143 1194 1368 1264 abent.
1396 1193 1752 1278 Pulsatum
1778 1220 1938 1289 que-

355 1288 576 1359 rimur
600 1315 621 1375 ;
642 1286 726 1359 de
756 1312 829 1357 re
852 1285 1148 1379 primum
1181 1286 1326 1378 ipsa
1353 1284 1758 1371 dicendum3
1786 1300 1940 1357 tum

354 1380 413 1448 si
440 1404 644 1449 senex
666 1432 688 1465 ‚
732 1379 787 1449 si
822 1403 995 1471 puer
1020 1430 1042 1463 ‚
1080 1377 1136 1447 si
1169 1376 1599 1469 magistratus
1632 1430 1652 1461 .,
1687 1377 1744 1449 si
1774 1404 1930 1471 pro-

310 1526 314 1530 .
352 1468 483 1539 bus
506 1523 525 1556 ‚
546 1471 616 1543 ‚si
650 1470 827 1539 bene
876 1468 961 1539 de
994 1468 1232 1561 repub.
1279 1468 1584 1538 meritus.
1613 1468 1842 1539 Etiam
1874 1469 1928 1541 si

338 1585 711 1653 percussus
746 1561 835 1629 sit
864 1585 903 1629 a
938 1559 1060 1632 vili
1097 1558 1329 1652 aliquo
1363 1572 1754 1651 contempto
1807 1584 1926 1645 ue3

350 1650 459 1724 vel
490 1678 569 1721 ex
600 1650 945 1733 contrario
976 1676 1017 1719 a
1042 1660 1324 1743 potente
1348 1650 1638 1722 nimium
1656 1702 1678 1738 ‚
1705 1676 1789 1723 ve
1843 1650 1926 1723 ab

288 1786 293 1791 ·
350 1765 433 1813 eo
461 1796 481 1828 ‚
514 1768 553 1813 a
582 1768 719 1850 quo
750 1742 1031 1812 minime
1066 1741 1396 1834 oportuit.

440 1840 527 1905 Et
564 1861 618 1906 ει
654 1834 767 1904 die
805 1834 981 1905 forte
1016 1832 1338 1918 solemni,
1377 1844 1497 1903 aut
1524 1832 1610 1903 iis
1641 1844 1926 1927 tempo-

343 1926 577 2011 rilffis,
606 1952 762 1996 cum
784 1923 1043 2014 judicia
1070 1922 1274 2012 hujus
1305 1924 1404 1993 rei
1431 1924 1718 1995 maxime
1737 1950 1924 1995 exer·

349 2030 711 2101 ceremur,
760 2028 881 2085 aut
920 2016 992 2085 in
1027 2014 1324 2086 sollicito
1371 2014 1665 2089 civitatis
1713 2029 1921 2087 statu.

341 2112 513 2178 Item
556 2110 628 2179 in
663 2108 932 2179 theatro
954 2158 976 2191 ‚
1023 2106 1098 2177 in
1136 2105 1391 2199 templo
1415 2160 1436 2193 ‚
1478 2107 1551 2178 in
1584 2108 1921 2179 concione

344 2200 587 2281 crescit
618 2198 898 2269 invidia.
924 2204 1013 2269 Et
1041 2198 1096 2269 si
1133 2223 1274 2268 non
1304 2223 1534 2269 errore
1553 2251 1574 2284 ‚
1613 2224 1743 2271 nec
1769 2198 1875 2271 ira
1897 2252 1920 2285 ‚

268 2363 275 2377 ,
339 2289 449 2361 vel
482 2291 689 2381 etiam
732 2290 789 2359 si
827 2289 1001 2359 forte
1050 2288 1196 2375 ira,
1251 2288 1368 2359 sed
1403 2289 1688 2383 iniqua3
1730 2290 1920 2383 quod

389 2382 518 2450 atri
556 2380 858 2451 affuisset
890 2433 909 2466 ‚
959 2379 1147 2473 quod
1185 2381 1682 2473 respondisset,
1729 2381 1917 2474 quod

338 2406 636 2543 iionores
674 2484 913 2540 contra
947 2483 1246 2563 peteret;
1295 2484 1365 2541 et
1411 2472 1466 2543 si
1510 2473 1664 2565 plus
1707 2475 1916 2544 etiam

336 2562 571 2643 videri,
592 2574 817 2671 potest
844 2562 1138 2634 voluisse
1159 2616 1176 2647 ‚
1212 2588 1415 2657 quam
1448 2564 1633 2635 fecit.
1899 2628 1904 2635 .

422 2655 803 2726 Plurimum
832 2667 1061 2725 tamen
1103 2654 1300 2729 affert
1334 2656 1712 2727 atrocitatis
1751 2682 1912 2730 mo—
1987 2719 1992 2724 .

334 2746 465 2819 dus
505 2799 525 2832 ,
582 2747 639 2817 si
696 2747 994 2839 graviter
1023 2799 1043 2830 .,
1101 2745 1156 2815 si
1221 2748 1712 2824 contumeliose
1747 2775 1774 2836 3
1833 2762 1912 2839 ut

331 2836 833 2911 Demosthenes
868 2864 946 2908 ex
993 2850 1183 2930 parte
1217 2840 1532 2931 percussi.
1561 2840 1910 2934 corporis,

259 2939 265 2943 '
327 2956 413 3015 ex
466 2930 661 3002 vultu
712 2929 1022 3001 ferientis
1054 2981 1074 3013 ‚
1137 2956 1218 3001 ex
1273 2930 1516 3001 habitu
1569 2931 1908 3006 invidiam

329 3021 565 3106 Midiae
607 3021 844 3115 quaerit
880 3045 896 3087 τ
935 3020 1208 3095 Occims
1232 3034 1368 3104 θείς
1410 3022 1625 3095 ulrum
1641 3024 1844 3115 ferro
1883 3076 1906 3110 ‚

327 3132 420 3183 an
450 3118 639 3202 igne,
680 3138 769 3182 an
804 3138 1037 3185 veneno
1066 3145 1083 3193 ;
1123 3140 1250 3185 uno
1287 3113 1547 3187 vulnere
1568 3170 1587 3203 ‚
1627 3143 1718 3187 cm
1734 3116 1906 3208 plu-

258 3240 265 3247 ·
328 3202 548 3281 νὶἆιιςς
575 3203 794 3284 *subito
813 3256 831 3289 .,
862 3230 952 3273 an
992 3210 1478 3297 exspectatione
1515 3219 1725 3285 tortus
1747 3262 1766 3299 ‚
1813 3206 1906 3282 ad

326 3288 507 3363 hanc
530 3306 790 3385 partem
822 3295 1107 3369 maxime
1145 3296 1466 3392 pertinet.
