2175 3809
673 228 802 291 DE
859 226 1447 293 Atreo-rmus.
1723 232 1858 311 339

288 311 426 405 gis,
467 311 633 403 quid
691 325 1038 404 oporteret
1096 312 1285 398 fieri,
1349 339 1549 406 quam
1608 339 1744 405 quo
1795 314 1868 383 id

288 398 497 471 modo
525 405 845 495 consequi
880 404 1253 495 possimu3‚
1292 402 1745 472 ostenderem.

382 498 583 561 Nunc
624 492 1084 562 altius-omnis
1119 494 1214 561 rei
1278 493 1649 585 repetenda
1695 494 1872 563 ratio

288 594 417 653 est.
450 588 622 651 Nam
649 595 714 651 et
743 609 864 675 per
887 596 1098 652 totam
1129 590 1158 667 (
1191 596 1263 651 ut
1301 583 1592 652 diximus
1626 592 1655 669 )
1715 610 1876 653 cau-

287 698 436 745 s‘am
474 673 665 741 locus
714 685 815 742 est
872 668 1231 743 affectibus
1249 700 1272 759 3
1323 688 1392 743 et
1441 699 1677 745 eorum
1735 699 1877 743 non

290 764 577 855 simplex
604 776 849 833 natura
866 817 885 848 ‚
905 790 1033 833 nec
1060 765 1130 843 in
1154 766 1446 835 transitu
1471 765 1825 833 tractanda
1847 790 1870 849 3

290 880 432 947 quo
465 853 641 923 nihil
700 858 914 941 majus
949 856 1154 924 affere
1216 856 1315 924 vis
1349 855 1589 924 orandi
1629 868 1873 947 potest.

290 952 472 1016 Nam
499 958 736 1014 caetera
771 946 1053 1015 forsitan
1098 946 1320 1014 tenuis
1354 959 1624 1038 quoque
1653 960 1720 1015 et
1755 972 1878 1015 an-

294 1048 495 1129 gusta
521 1035 783 1127 ingenii
825 1062 995 1106 vena
1018 1090 1036 1121 ‚
1070 1037 1125 1105 si
1161 1036 1364 1106 modo
1398 1035 1502 1107 vel
1562 1034 1898 1109 doctrina.

294 1127 405 1195 vel
464 1126 708 1199 ususit
764 1125 1034 1215 adjuta,
1154 1152 1434 1197 enerare
1456 1180 1474 1212 ‚
1531 1139 1732 1219 atque
1791 1122 1882 1196 ad

297 1218 567 1308 frugem
626 1216 923 1309 aliquam
974 1152 1349 1307 pmwiucere
1401 1229 1625 1310 queat.
1684 1224 1887 1286 Certe

299 1322 462 1378 sunt
477 1360 496 1391 ‚
516 1332 910 1399 semperque
931 1307 1214 1376 suerunt
1234 1332 1375 1376 non
1396 1330 1634 1399 parum
1659 1307 1882 1392 multi,

300 1399 421 1491 qui
456 1396 618 1467 satis
645 1397 903 1490 perite,
928 1422 1073 1489 quae
1101 1410 1325 1466 essent
1352 1397 1888 1503 probationibus

304 1488 504 1559 utilia
524 1541 544 1573 ‚
576 1487 957 1580 reperirent
982 1514 1002 1573 3
1023 1514 1191 1580 quos
1218 1489 1534 1581 equidem
1558 1515 1698 1569 non
1728 1514 1888 1559 con-

302 1590 539 1649 temno
561 1630 579 1662 ‚
612 1578 731 1647 sed
756 1578 1085 1648 hactenus
1114 1578 1315 1648 utiles
1343 1579 1547 1649 credo
1571 1633 1590 1665 .,
1614 1606 1699 1650 ne
1718 1578 1891 1672 quid

308 1695 438 1763 per
482 1694 597 1737 eos
651 1668 864 1757 judici
928 1669 1014 1737 sit
1082 1668 1392 1760 ignotum
1422 1702 1438 1749 ;
1481 1682 1683 1762 atque
1737 1675 1771 1753 (
1811 1682 1890 1739 ut

308 1761 563 1843 dicam,
617 1757 801 1863 quod
850 1759 1125 1843 sentio)
1183 1758 1465 1849 dignm,
1530 1785 1570 1827 a
1639 1760 1912 1852 quibus.

308 1874 553 1922 causas
579 1847 817 1919 diserti
853 1848 1286 1918 docerentur.

406 1941 544 2028 Qui
566 1946 665 2024 (1)
692 1964 849 2009 vero
875 1938 1170 2026 judicem
1195 1962 1428 2031 rapere
1450 1949 1570 2027 „et
1597 1937 1669 2006 in
1691 1964 1894 2031 quem

311 2032 522 2102 vellet
567 2029 880 2100 habitum
948 2030 1160 2099 {mimi
1201 2027 1429 2123 posset
1495 2021 1844 2097 'erducere
1871 2082 1895 2111 ‚

313 2148 452 2215 quo
480 2120 665 2190 dicto
720 2120 1023 2189 flendum
1058 2133 1125 2187 et
1177 2055 1610 2189 irascencfum
1673 2132 1902 2201 esset,

314 2213 539 2281 rarius
564 2210 718 2279 fuit.
744 2217 969 2301 Atque
998 2211 1127 2281 hoc
1150 2224 1287 2292 est,
1342 2208 1529 2302 quod
1565 2208 1896 2291 domina-

314 2314 433 2369 tur
464 2301 535 2367 in
597 2300 872 2389 judici-is
908 2327 923 2365 ε
957 2300 1114 2367 h'aec'
1132 2300 1593 2391 eloquentiam
1623 2314 1896 2396 regunt.

317 2398 627 2481 Namque
662 2400 1061 2481 argumenta
1137 2389 1488 2484 lex-umque
1522 2404 1902 2461 nascuntur

321 2494 401 2551 ex
426 2506 663 2563 causa,
696 2492 763 2550 et
804 2504 927 2573 pro
974 2416 1254 2551 meliore
1291 2494 1482 2573 parte
1509 2482 1708 2573 plura
1740 2496 1920 2552 sunt·

320 2596 623 2663 semper:
658 2584 734 2639 ut
766 2570 883 2664 qul
918 2596 1038 2662 per
1060 2570 1203 2639 haec
1227 2571 1428 2655 vicit,
1461 2583 1729 2641 tantum
1755 2598 1903 2643 non

323 2662 620 2733 defuisse
646 2659 775 2730 sibi
800 2661 1204 2731 advocatum
1231 2663 1421 2729 sciat.
1450 2674 1454 2679 ’

414 2751 553 2823 Ubi
588 2775 750 2820 vero
773 2750 1021 2821 animis
1062 2751 1369 2839 judicum
1397 2751 1497 2823 vis
1555 2752 1905 2823 afferenda

326 2855 428 2913 est
449 2895 467 2926 ‚
496 2854 566 2913 et
590 2840 675 2910 ab
702 2840 845 2931 ipsa
878 2841 1019 2910 veri
1069 2842 1649 2931 contemplatione
1686 2842 1905 2912 abdu—

329 2934 540 3005 cenda
591 2930 936 3014 men8‚ibi
994 2932 1344 3023 proprium
1394 2932 1684 3000 oratoris
1731 2958 1904 3023 opus
1968 3018 1974 3023 ¹

328 3036 452 3093 est.
476 3030 630 3093 Hoc
666 3048 803 3091 non
838 3021 1035 3091 docet
1066 3022 1370 3112 litigator
1404 3050 1418 3089 :
1469 3021 1602 3091 hoc
1651 3022 1905 3093 libellis

331 3138 473 3183 non
492 3114 905 3185 continetur.
922 3112 1571 3197 Probationesenim
1597 3112 1906 3183 efficiunt

332 3267 461 3384 <12th
479 3267 501 3336 )
528 3268 943 3387 Setqsustiegqtdem
958 3268 1135 3339 :daus
1148 3303 1170 3336 ,
1189 3280 1242 3337 ‚at
1261 3286 1368 3325 non
1388 3267 1580 3333 videtur
1603 3268 1722 3321 satia
1739 3286 1908 3345 expe·-

464 3352 582 3385 cons
630 3352 690 3385 uc
770 3368 785 3383 0

1478 3404 1534 3471 P
1579 3424 1622 3477 a
