2175 3809
425 258 556 330 258
817 256 990 323 LIB·
1039 254 1126 321 V.
1174 255 1350 327 CAL-
1418 254 1590 321 v11.

421 350 596 431 tius,
629 356 728 429 et,
766 345 950 415 unde
978 342 1154 414 nihil
1188 342 1479 436 suspecti
1522 344 1644 426 sit,
1694 342 1995 435 repetita

421 436 976 532 percontatione,
1009 434 1237 527 priora
1274 432 1718 526 sequentibus
1756 435 1993 527 appli-

420 528 679 611 cand0‚
717 552 885 619 saepe
921 549 1002 595 eo
1051 524 1364 617 perducit
1393 524 1741 610 homines,
1778 538 1859 603 ut
1903 525 1999 596 ab·

422 619 690 702 invitis,
722 615 905 722 quod
936 616 1148 710 prosit
1175 668 1194 699 ‚
1227 627 1642 708 extorqueat.
1688 619 1861 703 Ejus
1891 616 1999 694 rei,

423 710 572 780 sine
603 708 816 776 dubio
847 733 974 777 nec
1005 706 1370 800 disciplina
1401 706 1543 775 ulia
1576 707 1648 775 in
1692 706 1945 781 scholis
1970 758 1992 791 ‚

421 824 550 868 nec
571 799 970 867 exercitatio.
993 797 1331 881 traditum
1364 810 1430 865 et
1454 796 1751 867 naturali
1779 796 1999 888 magis

419 889 733 959 acumine
751 940 770 973 ‚
799 901 917 957 aut
947 914 1076 956 usu
1104 886 1443 979 contingit
1468 886 1609 957 haec
1654 888 1895 957 virtus.
1919 888 1997 957 Si?

472 978 608 1048 uod
661 991 888 1047 tamen
947 970 1329 1072 exemplum
1386 976 1475 1050 ad
1538 976 1993 1060 imitationem

419 1004 1026 1139 demonstrandum
1070 1069 1193 1153 sit,
1232 1068 1453 1137 solum
1484 1080 1623 1153 est,
1678 1068 1866 1160 quod
1912 1094 1995 1138 ex

421 1159 608 1230 dialo
657 1161 710 1229 is
741 1159 1249 1229 Socraticorum
1268 1212 1287 1242 ‚
1318 1158 1735 1251 maximeque
1762 1158 1993 1229 Plato-

420 1251 560 1335 nis»,
597 1187 756 1321 finci
783 1262 1006 1343 potest
1032 1278 1048 1319 :
1076 1250 1149 1319 in
1168 1248 1417 1343 quibus
1438 1248 1611 1319 adeo
1636 1249 1815 1319 scitae
1835 1262 1993 1319 sunt

421 1342 685 1413 interro
734 1342 1189 1426 ationes,ut‚
1242 1366 1395 1411 cum
1478 1339 1770 1433 lerisque
1816 1340 1997 1417 bene

419 1457 664 1523 respon
696 1434 954 1515 eatur,
987 1457 1090 1499 res
1117 1444 1345 1501 tamen
1378 1457 1411 1499 a
1492 1430 1600 1513 id,
1646 1430 1829 1523 quod
1861 1456 1992 1499 vo·-

420 1520 574 1591 lunt
601 1523 903 1604 efficere,
937 1521 1311 1612 perveniat.
1358 1520 1537 1590 Illud
1564 1521 1839 1591 fortuna
1872 1522 1993 1591 in·-

418 1611 621 1681 terim
657 1622 960 1703 praestat,
994 1623 1070 1679 ut
1120 1612 1416 1703 aliquid,
1470 1612 1655 1716 quod
1710 1612 1892 1681 inter
1921 1637 1995 1685 se

420 1702 1125 1793 parumconsentiat,
1150 1728 1187 1770 a
1221 1714 1390 1771 teste
1440 1700 1751 1786 dicatur3
1804 1701 2001 1777 inte-

421 1793 552 1861 rim
583 1798 612 1876 <
649 1792 832 1885 quod
866 1792 1109 1883 saepius
1158 1794 1437 1876 evenit)
1479 1804 1556 1866 ut
1608 1793 1795 1863 testis
1834 1793 1991 1863 testi

345 1958 362 1965 ,
422 1881 687 1956 diversa
713 1881 916 1953 dicat.
940 1888 1161 1951 Acuta
1182 1896 1407 1953 autem
1435 1881 1881 1974 interrogatio
1906 1882 1995 1959 ad

421 1972 596 2057 hoc,
621 1974 805 2065 quod
831 1998 988 2045 casu
1024 1972 1173 2043 fieri
1220 1974 1431 2057 solet,
1472 1973 1679 2042 etiam
1726 1974 2001 2051 ratione,

425 2064 778 2157 perducet.

514 2159 714 2221 Extra
749 2178 1016 2223 causam
1047 2180 1185 2245 quo
1238 2178 1321 2223 ue
1353 2153 1603 2237 multa,
1640 2178 1787 2245 quae
1876 2178 1997 2223 ro-.

423 2242 598 2326 sint,
633 2245 854 2335 rogari
889 2244 1157 2326 solent3
1190 2180 1275 2312 de
1310 2245 1449 2315 vita
1492 2245 1765 2313 testium
1804 2270 1839 2313 a
1874 2245 1988 2313 io-

421 2332 700 2417 rum‚de
727 2358 844 2402 sua
871 2333 1257 2425 quisque3si
1286 2334 1667 2424 turpitudo,
1692 2334 1743 2403 si
1768 2332 1998 2403 humi-2

419 2422 612 2507 litas,
639 2424 692 2491 si
729 2424 1026 2493 amicitia
1059 2424 1502 2504 accusatoris,
1535 2426 1589 2493 si
1618 2424 1991 2495 inimicitiae

422 2538 578 2591 cum
628 2538 787 2582 reo:
841 2514 906 2582 iu
969 2512 1217 2604 quibus
1278 2527 1394 2585 aut
1452 2514 1683 2583 dicant
1730 2514 1993 2605 aliquid

424 2600 609 2695 quod
641 2604 894 2694 prosit,
929 2616 1046 2673 aut
1081 2604 1149 2671 in
1196 2604 1551 2675 mendacio
1583 2604 1689 2677 vel
1726 2605 2007 2697 cupidi-.

421 2706 559 2763 tate
589 2694 872 2763 laedendi
912 2693 1533 2783 deprehendantur.

511 2782 640 2852 Sed
685 2784 758 2853 in
813 2783 1046 2877 primis
1082 2784 1529 2876 interrogatio
1585 2784 1787 2855 debet
1846 2810 1990 2853 esse

422 2874 908 2965 circumspecta
930 2927 946 2957 ,
973 2874 1137 2966 quia
1160 2874 1371 2945 multa
1396 2888 2007 2981 contra-patronos-

419 2977 702 3034 venuste
735 2965 922 3034 testis
955 2989 1125 3055 saepe
1161 2966 1561 3057 respondet,
1596 2992 1797 3057 eique
1832 2992 1993 3055 prae-

385 3140 390 3147 ¹
423 3055 624 3146 cipue
673 3056 878 3147 vulgo
933 3055 1217 3123 favetur.
1271 3064 1449 3125 Tum
1508 3058 1731 3126 verbis
1789 3080 1990 3149 quam

423 3145 710 3227 maxime
737 3170 814 3214 ex
847 3144 1071 3214 medio
1126 3148 1455 3238 sumptis:
1492 3161 1565 3216 ut
1610 3148 1727 3240 qui
1784 3172 1995 3239 roga—

422 3245 538 3301 tur
566 3236 660 3317 (is
693 3248 918 3303 autem
945 3248 1045 3303 est
1077 3260 1161 3303 sae
1212 3236 1316 3304 ius
1352 3238 1757 3329 imperitus)
1798 3237 1993 3305 intel-

423 3318 633 3421 ligat,
683 3336 802 3394 aut
851 3349 936 3393 ne
985 3324 1149 3393 intel
1187 3327 1367 3416 igere
1410 3354 1479 3395 se
1530 3340 1771 3423 negetg
1808 3325 2008 3423 quod,

419 3414 909 3501 interrogantis
957 3439 1096 3481 non
1142 3414 1287 3489 leve
1330 3417 1545 3509 frigus
1595 3430 1717 3487 est.
