2175 3809
361 284 501 359 Sro‘
806 288 1098 353 Lumv.
1147 287 1338 353 Car.
1385 286 1628 353 X111.
1863 372 1872 378 ὗ

364 389 441 449 ut
470 374 793 447 adversus
840 374 1207 463 Quintium
1247 374 1486 442 Cicero
1543 380 1574 457 (
1609 399 1635 443 1
1659 380 1728 459 ),
1794 400 1950 443 non

360 468 505 537 haec
544 465 765 537 solum
796 519 817 550 ,
856 465 976 535 sed
1030 466 1242 557 ipsam
1299 463 1506 533 etiam
1551 477 1950 557 praetextam

356 557 721 629 demissam
754 556 839 625 ad
874 557 1045 625 talos
1071 608 1106 639 ,.
1139 556 1508 625 insectatus
1560 567 1684 625 est.
1725 560 1952 625 Pres-

360 660 541 719 serat
559 648 741 717 enim
762 646 1176 717 turbulentis
1203 644 1654 716 concionibus
1683 646 1952 715 Cluen-

360 738 535 809 tium
590 737 941 826 Quintius.
1015 744 1526 831 Nonnunquam
1593 736 1948 807 elevandas

363 829 635 899 invidiae
680 829 899 923 gratia
929 879 949 912 ,
1000 852 1148 921 quae
1183 828 1490 920 asperius
1517 826 1700 897 dicta
1733 840 1907 915 sunt
1930 880 1952 913 ‚

362 918 789 1003 eluduntur3
834 932 909 989 ut
954 944 995 987 a
1024 918 1356 989 Cicerone
1388 918 1726 988 Triarius..
1759 924 1944 987 Nam

358 1034 513 1080 cum
542 1011 776 1079 Scauri
810 1009 1162 1079 columnas
1197 1032 1316 1101 per
1347 1008 1586 1079 urbem
1611 1009 1944 1101 plaustris

356 1112 585 1173 vectas
622 1126 763 1170 esse
796 1098 969 1170 dixit
1004 1126 1021 1168 ε
1054 1099 1208 1190 Ego
1234 1124 1438 1190 porro
1453 1154 1480 1183 ,.
1521 1100 1782 1193 inquit,
1819 1103 1946 1191 qui

354 1190 669 1263 Albanas
706 1190 921 1261 habeo
953 1189 1293 1261 columnas
1315 1242 1336 1277 ,
1379 1188 1644 1261 clitella}
1672 1215 1791 1262 eas
1811 1216 1940 1281 ap-

356 1281 641 1375 portavi.

448 1378 539 1441 Et
564 1368 776 1442 mavis
807 1371 937 1442 hoc
972 1372 1043 1441 in
1078 1382 1500 1441 accusatores
1531 1393 1935 1441 concessum

354 1474 459 1532 est
488 1512 508 1546 ,
546 1428 797 1566 quilius
850 1462 1225 1532 conviciari
1283 1460 1650 1620 alizuando
1701 1475 1934 1553 patro-

354 1549 518 1621 cinii
550 1551 719 1619 tides
750 1553 955 1642 cogit.
982 1552 1102 1619 Illa
1143 1576 1304 1621 vero
1343 1578 1377 1619 a
1433 1578 1663 1621 versus
1693 1578 1930 1623 omnes

353 1654 423 1710 et
456 1666 607 1710 rece
660 1653 725 1709 ta
753 1693 771 1721 ‚
806 1655 873 1709 et
904 1666 1045 1709 non
1080 1641 1454 1711 inhumana
1489 1645 1929 1735 conquestio,

352 1731 410 1801 si
440 1731 595 1801 calli
648 1756 683 1801 e
717 1732 883 1825 quid
922 1731 1251 1817 tacuisse,
1283 1733 1656 1819 breviasse,
1690 1732 1935 1805 obscu-

352 1846 534 1892 rasse
560 1876 581 1908 ,
633 1822 976 1892 distulisse
1010 1822 1408 1893 dicuntur...

447 1914 953 1983 Declamatores
977 1940 1138 1983 vero
1165 1914 1236 1983 in
1259 1915 1492 2006 primis
1518 1927 1675 1983 sunt
1695 1915 1936 1985 admo-

351 2003 561 2073 nendi
606 2057 625 2088 ‚
690 2030 774 2073 ne
828 2004 1402 2074 contradictiones
1457 2030 1568 2074 eas
1627 2021 1934 2097 ponant,

348 2094 601 2185 quibus
654 2094 974 2164 facillime
1027 2095 1420 2187 responderi
1463 2097 1736 2187 ‘possit3
1789 2122 1930 2167 neu

350 2180 480 2251 sibi
502 2184 784 2254 stultum
814 2184 1273 2255 adversarium
1301 2186 1582 2278 fingant.
1608 2194 1932 2259 Facimus

348 2284 574 2341 autem
604 2326 621 2349 .
653 2274 837 2366 quod
864 2276 1148 2345 maxime
1194 2276 1441 2347 uberes
1487 2277 1620 2347 loci
1648 2331 1666 2361 .,
1703 2304 1930 2370 popu-

348 2361 655 2455 laresque
708 2379 1125 2448 nascuntur,
1179 2368 1528 2436 senten-tiae
1569 2370 1928 2439 materiam

344 2450 620 2521 dicendi
650 2454 867 2536 nobis,
895 2456 1075 2547 quod
1106 2458 1436 2541 volumuS,
1459 2458 1874 2529 ducentibus
1908 2488 1926 2531 :

346 2554 425 2611 ut
458 2568 598 2613 non
632 2544 719 2613 sit
754 2544 1019 2614 inutilis
1045 2546 1162 2617 ille
1188 2546 1456 2617 versus:

444 2666 570 2735 117οη
592 2684 719 2734 male
741 2686 997 2752 respondit
1013 2725 1029 2753 ,
1052 2686 1180 2737 male
1202 2692 1332 2739 enim
1350 2692 1490 2756 prior
1505 2689 1585 2741 ille
1601 2702 1818 2757 rogarat.
1901 2704 1908 2709 '

382 2826 389 2831 ’
432 2802 653 2873 Fallet
686 2801 829 2873 haec
860 2826 983 2872 nos
1011 2802 1081 2872 in
1119 2803 1265 2875 foro
1293 2806 1758 2890 consuetudo,
1794 2808 1952 2880 ubi·

336 2892 727 2964 ⁴adversario
746 2946 767 2982 ,
786 2918 927 2963 non
948 2893 1075 2985 ipsi
1099 2895 1296 2965 nobis
1322 2896 1916 2988 respondebimus.

340 2984 558 3055 Aiunt
598 2984 879 3055 Accium
925 2983 1459 3078 interrogatum,
1497 3014 1621 3057 cur
1669 3015 1918 3061 causas

338 3098 483 3143 non
516 3078 782 3165 ageret,
824 3100 976 3144 cum
1010 3076 1194 3167 apud
1245 3103 1402 3147 eum
1455 3078 1525 3147 in
1562 3076 1915 3169 tragoediis

336 3176 533 3233 tanta
570 3166 666 3232 vis
692 3178 896 3248 esset,
930 3165 1108 3235 hanc
1127 3167 1501 3239 reddidisse
1535 3170 1914 3257 rationem3

326 3252 521 3341 quod
562 3252 705 3321 illic
734 3278 814 3321 ea
850 3254 1277 3344 dicerentur,
1309 3264 1454 3349 qu'ae
1487 3259 1628 3350 ipse
1661 3258 1868 3337 vellet
1882 3288 1910 3347 5

360 3378 371 3397 ⁸
392 3367 427 3431 (
442 3370 501 3433 ¹)
521 3370 651 3425 Vide
676 3372 967 3433 Ciceronem
996 3396 1089 3448 pro
1115 3380 1376 3447 Cluentio,
1411 3394 1552 3435 uum.
1586 3396 1700 3462 iu.
