2175 3809
390 238 578 287 [καὶ
697 270 704 275 .
887 225 1486 291 Fumea-rto.
1925 279 1932 288 .

437 356 440 359 -
532 314 677 379 Nec
719 308 1084 404 quisquam
1133 312 1487 383 existimet,
1532 306 1994 381 Rhetoricam-

440 396 664 485 hanc,
693 402 904 471 etiam
941 404 1213 497 qualem
1258 422 1447 473 nunc
1476 402 1741 472 edimus
1777 454 1795 485 .‚
1826 402 1986 470 lon·-

445 492 710 583 giorem
771 494 920 563 sore
944 548 963 580 ‚
1025 498 1229 589 quam
1287 520 1444 589 quae·
1487 493 1667 565 tradi
1715 490 1987 563 adoles-

445 584 766 654 centibus
790 638 811 669 ,
855 598 924 655 et
969 586 1203 657 doceri
1248 587 1321 657 in
1376 584 1673 679 publicis
1728 582 1991 655 scholis

449 672 654 745 facile
687 678 923 767 possit.
955 678 1028 747 si
1059 677 1421 749 biennium
1450 676 1835 747 Rhetoricae
1862 675 1992 743 im-

447 767 801 859 pendatur
823 820 842 853 ,
895 774 1019 853 (et
1065 777 1227 841 vero
1285 794 1373 839 an
1430 780 1655 863 potest
1706 766 1997 838 brevius

447 858 786 951 temporis
817 862 1115 953 spatium
1147 860 1295 931 dari
1330 860 1561 931 studio
1602 858 1703 929 rei
1739 871 1814 927 ut
1840 856 1997 950 pul-

448 949 810 1021 cherrimae
869 953 1183 1023 omnium
1217 1006 1235 1040 ‚
1300 953 1400 1023 sic
1446 954 1653 1023 etiam
1715 949 1999 1039 difficit,-

453 1040 635 1111 lime
656 1049 736 1127 ἓ)
773 1054 954 1115 totos
989 1045 1355 1115 duodecim
1384 1042 1585 1115 Fabii
1610 1044 1821 1113 libros
1843 1065 2001 1134 ¹po-

453 1145 697 1203 terunt
727 1134 1195 1207 adolescentes
1224 1132 1632 1231 praelegente
1665 1134 2004 1227 magistro

461 1225 798 1298 evolvere.
823 1228 944 1299 Sin
967 1235 1095 1313 (ut
1111 1243 1213 1299 est
1236 1254 1425 1300 nunc
1451 1226 1697 1299 festina
1734 1238 1802 1295 et
1828 1248 2005 1319 prae-

464 1342 622 1409 ceps
643 1318 712 1387 in
731 1319 1215 1412 promovendis
1234 1320 1470 1391 liberis
1484 1332 1845 1414 parentum
1864 1340 2007 1386 am-

461 1408 797 1495 biti0‚nec
817 1412 1064 1481 timent
1082 1412 1293 1481 cruda
1314 1414 1386 1481 in
1407 1409 1631 1481 sorum
1650 1422 1721 1480 et
1739 1409 2010 1479 curiam

459 1502 853 1593 propellere
883 1528 1165 1573 suorum
1216 1502 1542 1595 ingenia)
1584 1502 1793 1573 unius
1833 1500 2007 1571 anni

459 1592 816 1663 *curriculo
859 1593 1000 1665 haec
1026 1593 1253 1663 studia
1278 1592 1771 1678 terminentur,
1794 1602 2013 1686 pote.-

461 1694 636 1753 'runt
663 1684 734 1753 in
759 1684 991 1755 schola
1023 1686 1247 1755 omitti
1275 1684 1502 1781 plura,
1522 1686 1843 1779 praeclara
1858 1683 2017 1777 qui-

471 1775 631 1845 dem
658 1775 812 1860 illa,
840 1776 958 1845 sed
977 1802 1123 1871 quae
1148 1776 1235 1847 ad
1252 1776 1694 1847 Rhetoricam
1728 1768 2015 1880 proprie

469 1891 618 1937 non
639 1869 1025 1960 pertinent,
1046 1892 1261 1963 eaque
1288 1869 1570 1964 privatis
1590 1866 2017 1938 lectionibus

469 1960 830 2031 reservari.
856 1960 1064 2031 Tales
1090 1974 1281 2046 sunt,
1324 1960 1733 2053 quibusdam
1768 1984 2017 2051 excep—

463 2051 566 2121 πίε
585 2103 602 2132 ,
623 2051 828 2142 primi
858 2050 996 2119 duo
1023 2050 1221 2135 libri,
1248 2067 1313 2121 et
1335 2052 1660 2143 postremi
1682 2060 1815 2121 tres
1841 2078 1855 2119 z
1878 2073 2017 2119 nec

467 2166 694 2235 pauca
713 2140 1046 2231 ejusmodi
1068 2142 1139 2211 in
1158 2140 1445 2235 reliquis
1462 2155 1847 2227 occurrent,
1860 2164 2018 2235 quae

474 2233 678 2303 facile
706 2232 1075 2325 prudentes
1102 2234 1405 2326 magistri
1434 2234 1917 2325 observabunt.

569 2325 873 2418 Singulis
899 2325 1242 2420 capitibus
1265 2326 1518 2419 praefixi
1541 2346 1868 2396 summam
1902 2351 2021 2395 eo-

471 2442 632 2487 rum
650 2443 796 2509 quae
811 2418 880 2487 in
897 2417 980 2488 iis
994 2416 2021 2507 continentur.Accuratissimis

461 2513 684 2601 ‘quam
711 2510 904 2601 potui
934 2508 1494 2599 distinctionibus
1532 2510 1803 2603 singula
1828 2536 2022 2601 prae-

482 2614 679 2693 cepta
701 2601 1129 2695 intel-punxi,
1155 2613 1231 2669 ut
1256 2602 1354 2670 sic
1370 2600 1661 2670 discreta
1688 2608 1727 2669 a
1746 2624 1814 2669 se
1837 2600 2023 2671 invi-

483 2716 630 2763 cem
654 2705 720 2761 et
748 2692 1093 2785 disjuncta
1140 2690 1472 2762 haberent
1520 2690 1673 2785 plus
1714 2692 1888 2761 lucis
1938 2718 2022 2762 ac

535 2784 992 2889 erspicuitatis
1011 2838 1030 2873 ,
1057 2796 1125 2854 et
1148 2782 1487 2877 legentem
1515 2780 1763 2855 oblatis
1790 2783 2022 2875 pluri-

479 2810 614 2947 bus
656 2876 1231 2969 mterquiescendi
1272 2876 1737 2947 invitamentis
1786 2876 2021 2945 minus

478 2970 855 3062 fatigarent
885 2996 900 3037 ε
927 2966 1044 3062 qui
1069 2966 1239 3037 ordo
1273 2992 1411 3036 non
1440 2967 1512 3037 id
1546 2967 1765 3036 solum
1798 2994 2021 3059 praes-

481 3074 586 3131 tat
605 3115 624 3147 ‚
647 3073 722 3129 ut
748 3060 1036 3130 clariora
1067 3060 1234 3129 fiant
1257 3084 1401 3151 quae
1430 3055 1753 3129 dicuntur
1771 3113 1789 3141 ‚
1810 3058 2021 3129 rebus

483 3154 676 3223 velut
707 3178 784 3223 ex
803 3151 1003 3221 turba
1029 3152 1382 3235 extractis3
1424 3150 1541 3220 sed
1569 3152 1803 3220 oeulos
1851 3166 2022 3256 quo·-

485 3272 620 3405 pue
647 3258 713 3313 et
732 3244 848 3403 {ni
854 3270 1036 3315 mum
1057 3257 1243 3315 certo
1264 3242 1688 3337 singularum
1712 3254 2021 3337 'paruum

519 3362 631 3405 me
665 3362 735 3405 re
765 3350 906 3406 icit.

2173 432 2174 477 l

2173 494 2174 521 l

2172 522 2174 561 l
