2175 3809
538 270 651 334 DE
698 270 981 336 JumcIo
1028 286 1116 333 m·
1165 266 1512 333 Consum.
1677 262 1834 353 '369

259 356 621 428 inferenda
691 371 792 425 est
866 355 998 425 alia
1063 356 1346 448 quaest-io
1394 378 1420 441 3
1497 366 1703 447 atque
1759 355 1835 425 iu

259 475 471 533 eam,
532 448 586 517 si
639 447 786 518 fieri
846 458 1108 540 potest,
1165 446 1370 535 judex
1423 448 1833 517 avocandus.
1869 526 1888 545 ·

258 539 453 630 Quid
482 540 665 610 enim
690 592 708 623 ‚
748 560 905 610 ‘cum
940 538 1353 631 respondere
1388 563 1526 607 non
1562 540 1776 631 possis
1815 592 1836 624 ‚

260 658 296 701 a
350 632 603 701 endum
637 643 765 714 est,
809 630 941 699 nisi
976 643 1052 699 ut
1083 629 1275 699 aliud
1309 630 1617 699 invenias
1651 683 1669 715 ‚
1723 632 1834 701 cui

260 659 687 793 afiversarius
730 721 1143 813 respondere
1180 746 1321 789 non
1358 722 1625 813 possit?

350 814 763 883 Exercitatio
788 838 950 884 vero
974 813 1182 905 hujus
1201 812 1300 882 rei
1323 813 1522 905 longe
1546 812 1838 883 facilior.

258 913 433 976 Nam
459 917 559 973 est
583 904 1024 974 utilissimum
1049 958 1067 991 ‚
1100 904 1493 998 frequenter
1532 930 1686 973 cum
1717 902 1838 974 ali-

260 1024 399 1091 quo
442 1048 461 1081 ‚
510 996 627 1088 qui
684 995 773 1066 sit
803 992 1186 1065 studiorum
1237 995 1631 1066 eorumdem
1667 1049 1683 1077 ‚
1725 1022 1840 1065 su-

256 1114 443 1159 mere
477 1088 830 1157 materiam
876 1087 984 1155 vel
1021 1113 1189 1158 verae
1229 1142 1246 1173 ‚
1284 1088 1390 1159 vel
1426 1086 1630 1156 etiam
1667 1086 1837 1158 fictae

258 1178 736 1251 controversiae
762 1231 780 1263 ‚
832 1189 901 1246 et
938 1176 1238 1248 diversas
1285 1192 1510 1283 partes
1540 1176 1840 1249 alterca-

259 1276 459 1342 tionis
507 1270 710 1339 modo
756 1269 935 1337 tueri
974 1296 989 1336 :
1046 1268 1233 1360 quod
1286 1269 1464 1338 idem
1501 1270 1704 1339 etiam
1763 1270 1838 1340 in

260 1361 551 1455 simplici
589 1385 835 1453 genere
882 1360 1334 1451 'quaestionum
1391 1359 1536 1429 fieri
1591 1373 1846 1453 potest..

256 1460 361 1524 Ne
388 1450 562 1523 illud
588 1450 863 1545 quidem
892 1451 1206 1542 ignorare
1229 1450 1632 1521 advocatum
1658 1457 1838 1538 volo,

258 1573 396 1641 quo
468 1568 747 1637 quaeque
814 1542 1057 1613 ordine
1118 1543 1434 1635 probatio
1500 1544 1589 1612 sit
1653 1543 1841 1637 apud

214 1636 522 1727 'judices
572 1634 1033 1725 proferenda:
1088 1639 1283 1723 cujus
1330 1636 1426 1704 rei
1477 1635 1710 1704 eadem
1764 1637 1840 1707 in

260 1725 682 1819 argumentis
746 1725 923 1793 ratio
988 1737 1138 1807 est,
1224 1740 1301 1793 ut
1367 1726 1840 1818 potentissima

258 1820 519 1909 prima,
570 1830 636 1886 et
668 1842 927 1887 summa
961 1828 1328 1910 ponantur.
1373 1818 1494 1887 Illa
1530 1817 1712 1885 enim
1749 1816 1839 1887 ad

260 1909 680 1988 credendum
736 1922 1118 2003 praeparant
1167 1908 1517 2001 judicem3
1558 1908 1702 1979 haec
1750 1908 1842 1980 ad

270 2002 890 2095 pronuntiandum.

252 2152 1842 2213 Jxxaexsxxtxvsxxvvtxxxxxx‘uas-2121xxxxxxxxxtxvtxaetvavux

498 2328 503 2333 ,
748 2250 1177 2316 CAPUT
1270 2252 1355 2313 Ἃ
1495 2348 1502 2355 ι

452 2373 576 2439 ΒΕ
624 2375 991 2440 JUDIClo
1040 2394 1142 2439 ΕΤ
1193 2374 1630 2440 CON51L1o.

256 2499 437 2613 Hts
495 2567 618 2633 pro
678 2556 909 2612 nostra
947 2542 1270 2612 facultate
1311 2541 1618 2612 tractatis
1643 2594 1662 2624 ‚
1695 2568 1838 2613 non

258 2632 675 2701 dubitassem
729 2634 1019 2702 transire
1060 2634 1374 2726 protinus
1421 2632 1508 2701 ad
1541 2626 1842 2723 despoizt-

258 2728 498 2811 tionem
535 2774 554 2807 ‚
598 2748 744 2815 quae
802 2723 1044 2793 ordine
1088 2725 1242 2814 ipso
1299 2724 1608 2817 sequitur
1646 2750 1662 2793 t
1705 2725 1838 2795 nisi

258 2838 533 2885 vererer
556 2868 575 2899 .,
624 2840 709 2882 ne
740 2867 760 2898 ‚
792 2814 1114 2906 quoniam
1157 2814 1437 2884 fuerunt
1461 2868 1478 2899 ‚
1513 2814 1628 2906 qui
1651 2816 1842 2906 judi-

260 2909 430 2975 cium
480 2897 841 2974 inventioni
887 2905 1423 2999 subjungerent,
1463 2906 1837 2997 praeterisse

260 2994 451 3066 hunc
480 2996 707 3065 locum
751 2995 1161 3103 quibusdam
1197 2997 1504 3080 viderer,
1538 2998 1655 3090 qui
1689 3023 1838 3066 mea

258 3086 539 3247 guidem
604 3087 929 3179 opimone
996 3087 1169 3158 adeo
1242 3088 1549 3182 partibus
1613 3088 1839 3179 operis

317 3182 469 3266 ujus
512 3179 827 3249 omnihus
878 3206 1224 3249 connexus
1273 3206 1350 3249 ac
1398 3178 1638 3247 mistus
1687 3191 1836 3265 est,

258 3281 459 3340 utne
494 3294 531 3337 a
565 3271 923 3340 sententiis
968 3270 1247 3363 quidem
1281 3283 1401 3340 aut
1430 3270 1655 3341 verbis
1692 3270 1841 3340 sal-

259 3370 401 3431 tem
451 3360 741 3455 singulis
792 3362 1009 3456 possit
1062 3362 1406 3455 separari3
1449 3386 1576 3432 nec
1623 3362 1840 3455 magis
