2175 3809
573 291 1202 356 Pitaium-10..
1442 265 1689 354 ·'xvij

161 394 222 451 et
241 378 454 473 plana
487 376 829 471 imperitis
849 374 1018 460 erit}
1043 393 1192 464 quae
1220 364 1318 437 sic
1340 357 1692 458 ingeniose
1739 397 1945 455 effla„

69 483 84 496 “
163 473 392 542 limata
425 470 688 555 suerit,
742 479 818 537 ut
871 465 1137 536 adeam
1173 453 1693 550 intelligendam
1740 454 1931 528 iter-rie

163 589 328 656 opus
363 576 606 632 tamen
660 585 802 628 non
837 559 923 627 sit
983 551 1317 648 ingenio}
1358 549 1459 618 sic
1510 543 1699 616 omni
1770 528 1851 568 ω’

164 679 411 724 venere
445 666 518 723 et
543 651 764 744 gratia
796 647 1104 719 abundet
1123 699 1151 736 ,t
1177 655 1253 712 ut
1273 665 1407 735 prae
1426 665 1496 710 se
1527 639 1705 726 serat

163 745 632 816 felicissimam
668 742 1068 812 facilitatem
1095 765 1117 824 3
1150 735 1249 806 sic
1281 743 1424 802 arte
1459 743 1528 800 et
1560 741 1705 798 stu-

163 838 276 907 dio
311 837 404 906 sit
436 836 818 920 concinna,
847 846 917 902 et
941 831 1197 924 abipsa
1223 837 1468 896 natura
1487 821 1704 890 fluere

163 928 534 999 illaborata
551 926 886 998 videatur.
906 923 1185 1017 Optima
1212 917 1394 993 enim
1420 914 1705 985 minime

167 1019 500 1092 accersita
528 1030 726 1104 sunt,
785 1019 852 1088 et
883 1009 1309 1108 simplicibus
1361 1020 1429 1078 at
1482 1031 1565 1075 ue
1619 1001 1707 1072 ab

170 1112 314 1204 ipsa
343 1111 639 1183 veritate
674 1107 1000 1202 profectis
1033 1103 1305 1176 similia.
1342 1106 1423 1170 Se
1500 1095 1710 1190 pleri-

173 1228 299 1297 que
353 1203 489 1273 ista
522 1201 938 1286 fastidiunt,
992 1212 1323 1290 tanquam
1375 1187 1707 1265 sermonis

171 1294 562 1388 quotidiani
591 1293 768 1378 si‘nt3
801 1305 872 1363 et
903 1290 1131 1384 perire
1173 1310 1369 1355 suum
1406 1279 1711 1350 laborem

175 1400 391 1479 atque
406 1383 764 1478 ingenium
842 1394 1039 1452 utant
1056 1435 1075 1466 ,
1097 1377 1231 1450 nisi
1252 1373 1479 1446 statim
1504 1396 1713 1465 appa-

173 1491 320 1548 reat
355 1505 372 1546 :
409 1503 538 1546 nec
571 1411 960 1558 attemfunt,
987 1472 1164 1544 nihil
1193 1469 1265 1538 in
1293 1463 1713 1560 eloquentia,

173 1582 249 1639 ut
281 1569 697 1663 perfectius,
751 1567 852 1638 sic
882 1565 1090 1636 etiam
1124 1559 1473 1636 difficilius
1522 1579 1665 1627 esse
1698 1607 1718 1640 ‚

173 1667 382 1755 quam
415 1660 490 1731 id
515 1661 700 1755 quod
746 1658 1054 1731 dicturos
1106 1682 1191 1728 se,
1224 1675 1459 1722 omnes
1504 1648 1714 1719 fuisse

98 1820 106 1829 .
133 1829 144 1839 ,
175 1765 430 1846 putant
451 1805 470 1838 ‚
497 1765 856 1846 postquam
889 1748 1280 1820 audierunt.
1315 1743 1407 1814 Ut
1416 1741 1551 1812 sibi
1570 1743 1719 1833 qui-
1765 1737 1939 1843 {³⁰¹²ss

177 1850 273 1918 vis
301 1856 523 1936 speret
543 1845 716 1916 idem
740 1898 760 1929 ‚
793 1842 986 1914 sudet
1009 1839 1283 1912 multum
1316 1833 1717 1926 frustraque
1759 1813 1971 1908 2235...

179 1937 447 2009 laboret
470 1963 674 2009 ausus
707 1937 901 2008 idem.
1834 1925 1841 1931 ’

270 2029 410 2099 Sed
465 2055 706 2100 vereor
753 2056 838 2099 ne
875 2052 978 2098 me
1037 2020 1314 2117 longius
1362 2013 1725 2087 affluxerit

181 2121 328 2192 haec
361 2119 453 2191 ad
475 2126 758 2212 juvenes
789 2131 1062 2189 nostros
1091 2116 1177 2187 de
1214 2109 1513 2185 vitandis
1560 2132 1728 2177 cor-

129 2250 136 2254 ·
185 2225 404 2305 ruptae
475 2212 886 2307 eloquentiae
960 2209 1150 2280 vitiis
1226 2198 1670 2276 commonitio
1709 2226 1725 2269 :

186 2329 377 2376 nunc
415 2303 624 2375 iidem
654 2304 890 2397 paucis
941 2299 1237 2372 docendi
1272 2306 1605 2390 quantum
1640 2289 1731 2361 ad

189 2393 554 2490 fingendus
573 2422 791 2467 mores
818 2394 1138 2488 prodesse
1166 2388 1380 2484 possit
1400 2382 1681 2455 Fabius.

109 2573 140 2586 ..
279 2496 440 2559 Non
466 2489 612 2558 sine
647 2513 847 2558 causa
873 2485 1223 2578 proditum
1258 2492 1401 2562 est,
1438 2488 1515 2548 ut
1546 2475 1727 2568 quis·
1826 2494 1905 2569 ιζ.

189 2607 324 2676 que
382 2580 610 2666 vivat,
662 2581 757 2650 ita
797 2579 1000 2649 etiam
1034 2577 1285 2648 dicere.
1314 2578 1731 2663 Loquuntur
1778 2558 1956 2663 Ρζξζζξὶζ

196 2673 604 2767 plerumque
659 2671 972 2740 homines
1032 2665 1321 2762 perinde
1369 2673 1446 2732 ut
1504 2659 1726 2732 affecti
1778 2635 1839 2724 l's.
1892 2677 1952 2722 aa

167 2777 358 2858 ‘sunt
378 2817 396 2848 ‚
423 2765 859 2857 optimusque
897 2761 1108 2832 animi
1139 2766 1557 2829 secretorum
1583 2764 1733 2821 tes-
1777 2752 1947 2834 mm?

190 2855 282 2925 tis
315 2868 388 2926 et
419 2854 624 2926 index
657 2881 878 2926 sermo
907 2854 1075 2947 ipse.
1106 2858 1263 2921 Hoc
1299 2848 1479 2918 certe
1515 2840 1730 2916 Fabio
1783 2849 1957 2952 ,3⁶1ng

154 2948 490 3018 maxime
527 2947 841 3040 contigit.
888 2953 966 3015 In
1023 2940 1293 3036 scriptis
1344 2942 1533 3028 ejus,
1584 2948 1731 3003 tan-
1782 2921 1973 3014 Zsszssdssf

199 3065 407 3132 quam
451 3039 524 3108 in
583 3065 612 3109 s
665 3038 908 3123 eenlo,
971 3038 1193 3108 vivam
1250 3030 1499 3102 mentis
1548 3025 1736 3096 illius
1785 3030 1949 3090 pinxit.

201 3131 576 3224 imaginem
633 3131 804 3202 acile
829 3127 1323 3222 deprehendas.
1350 3121 1575 3190 Mirus
1607 3143 1741 3211 ap-

199 3236 400 3386 paret
480 3221 736 3315 ubique
797 3220 1213 3291 sinceritatis
1269 3211 1529 3286 candor
1562 3221 1586 3294 ³,
1674 3223 1742 3280 et

251 3315 461 3388 landa
493 3314 926 3388 conciliatrix
953 3312 1340 3382 animorum
1372 3302 1703 3375 modestia
1722 3354 1758 3390 ,.

1821 3663 1947 3774 A
