2175 3809
302 214 436 283 352
674 215 856 279 Lus.
906 214 1029 277 VI.
1080 212 1263 279 CAP.
1321 214 1476 279 111.

387 309 502 372 IV.
520 300 841 371 Pluribus
864 313 1089 369 autem
1113 302 1505 371 nominibus
1535 300 1611 371 in
1637 304 1894 374 eadem

302 419 375 463 re
408 394 617 485 vulgo
660 394 960 461 utimur:
990 417 1138 485 quae
1181 406 1405 461 tamen
1449 392 1504 461 si
1537 392 1834 464 diducas
1875 447 1898 481 ‚

298 510 493 649 Euam
564 484 910 577 propriam
988 483 1332 576 quandam
1419 484 1555 555 vim
1631 482 1899 555 osten—

350 589 489 647 ent.

392 674 567 737 Nam
600 678 669 735 et
712 666 1061 737 urbanitas
1082 665 1342 735 dicitur
1369 717 1387 750 ‚
1425 691 1560 757 qua
1597 666 1890 758 quidem

300 758 673 853 significari
716 758 917 829 video
958 782 1339 827 sermonem
1370 781 1504 848 prae
1549 784 1618 825 se
1659 757 1892 827 feren-

299 863 439 921 tem
488 852 558 919 in
620 848 845 921 verbis
892 862 963 919 et
1010 874 1180 917 sono
1227 861 1296 917 et
1339 873 1463 917 usu
1521 848 1884 940 proprium

300 941 662 1035 quemdam
696 954 969 1033 gustum
1004 940 1212 1010 Urbis
1243 992 1263 1023 ‚
1307 951 1374 1009 et
1409 952 1741 1029 sumptam
1797 966 1886 1009 ex

298 1032 816 1105 conversatione
878 1031 1234 1107 doctorum
1299 1030 1574 1099 tacitam
1633 1030 1888 1100 erudi—

298 1126 562 1195 tionem
586 1176 607 1209 ‚
654 1122 948 1214 denique
984 1122 1096 1191 cui
1129 1121 1472 1191 contraria
1521 1121 1609 1191 sit
1653 1124 1884 1193 rusti-

300 1216 491 1287 citas.

398 1308 473 1377 V
462 1317 755 1377 caustum
814 1329 957 1375 esse
986 1356 1007 1387 .,
1048 1303 1236 1395 quod
1269 1328 1422 1373 cum
1455 1305 1678 1396 gratia
1709 1332 1882 1398 qua-

299 1398 457 1471 dam
482 1410 549 1466 et
584 1422 831 1469 venere
858 1396 1127 1465 dicatur
1155 1448 1174 1479 ‚
1208 1398 1526 1488 apparet(
1689 1406 1692 1409 ’

390 1488 657 1559 Salsum
712 1488 782 1556 in
836 1486 1332 1555 consuetudine
1393 1512 1516 1578 pro
1575 1488 1870 1558 ridiculo

296 1592 565 1650 tantum
596 1576 967 1668 accipimus
996 1604 1011 1643 ε
1040 1589 1285 1645 natura
1311 1602 1450 1647 non
1481 1577 1714 1671 utique
1741 1580 1876 1649 hoc

298 1683 403 1741 est
447 1677 879 1761 (quanquam
912 1680 979 1737 et
1014 1667 1308 1737 ridicula
1363 1682 1676 1761 oporteat
1729 1697 1876 1739 esse

298 1762 551 1847 salsa);
576 1767 840 1845 (1)nam
866 1772 933 1827 et
962 1758 1203 1829 Cicero
1227 1785 1414 1829 omne
1429 1762 1612 1851 quod
1621 1761 1874 1831 salsum

296 1859 428 1937 sil,
486 1853 583 1921 ait
631 1876 769 1921 esse
824 1851 1238 1929 Atticorum;
1291 1876 1431 1919 non
1491 1852 1650 1943 quia
1711 1864 1876 1921 sunt

302 1942 587 2103 maxigie
606 1943 704 2048 ‚ad
734 1941 947 2011 risum
972 1942 1329 2033 compositi
1365 1968 1382 2009 ι
1417 1956 1485 2011 et
1517 1940 1824 2013 Catullus
1849 1995 1873 2030 ,

302 2060 457 2110 cum
530 2050 704 2103 leit:

363 2212 527 2265 Nulla
554 2216 605 2263 in
627 2224 727 2263 tam
745 2230 928 2281 magno
948 2224 1025 2263 est
1044 2228 1247 2281 corpore
1263 2216 1396 2265 mica
1413 2212 1532 2265 salis
1545 2253 1562 2281 ‚

298 2414 441 2459 non
467 2386 601 2457 hoc
632 2388 801 2457 dicit
838 2440 859 2471 .,
899 2388 1075 2457 nihil
1112 2388 1185 2457 in
1221 2414 1505 2481 corpore
1544 2392 1691 2477 ejus
1730 2416 1867 2460 esse

298 2478 691 2551 ridiculum.
728 2477 987 2548 Salsum
1023 2480 1236 2571 igitur
1273 2481 1453 2565 erit,
1503 2481 1688 2574 quod
1730 2508 1869 2551 non

298 2570 432 2643 erit
497 2570 830 2641 insulsum
861 2623 881 2653 .,
940 2571 1126 2643 velut
1177 2570 1519 2663 quoddam
1589 2573 1870 2665 simplex

297 2662 632 2733 orationis
682 2662 1194 2732 condimentum
1233 2716 1251 2745 ‚
1315 2662 1500 2754 quod
1579 2665 1873 2733 sentitur

294 2755 553 2825 latente
588 2754 844 2839 judicio
870 2808 889 2838 .‚
922 2766 991 2823 et
1032 2753 1219 2823 velut
1239 2754 1466 2844 palato
1489 2755 1868 2846 excitatque

298 2860 368 2916 et
388 2872 425 2915 a
445 2845 643 2915 taedio
663 2844 971 2915 defendit
992 2844 1398 2915 orationem.
1419 2852 1594 2917 Sane
1621 2860 1842 2921 tamen
1857 2898 1878 2933 ‚

293 2936 605 3022 ut(2)ille
630 2937 699 3005 in
722 2936 891 3006 cibis
919 2936 1123 3029 paulo
1151 2934 1504 3005 liberalius
1536 2962 1869 3029 :aspersum¹

292 3027 355 3097 si
398 3040 624 3102 tamen
670 3053 807 3105 non
858 3028 947 3104 sit
996 3027 1447 3114 immodicus,
1498 3030 1695 3107 affert
1744 3027 1870 3109 ali-

362 3202 424 3328 {1
444 3201 469 3327 ξ
493 3200 624 3253 Vide
652 3202 942 3254 Ciceronem
962 3202 1025 3252 de
1058 3204 1264 3254 Oratore
1280 3242 1296 3270 ‚
1315 3220 1398 3271 9ο.

400 3284 429 3320 2
503 3265 575 3313 Ut
612 3264 705 3315 ille.
734 3270 799 3321 Ut
810 3269 899 3323 sal.
934 3269 1021 3323 lta
1037 3268 1106 3321 hi.
1135 3270 1209 3327 Ita
1229 3272 1363 3326 sales·
1384 3272 1448 3325 Et
1466 3270 1542 3321 eie
1559 3268 1767 3345 quidam
1791 3268 1872 3325 k-

292 3329 511 3392 gendum
537 3342 726 3397 putant.
1821 3386 1836 3403 ὀ

2117 353 2128 663 J
