2175 3809
608 247 733 317 nn
806 248 1493 317 PanonArxonz.
1722 243 1866 335 329

214 339 224 352 '
329 329 610 409 ‘Utitur
628 338 1383 431 frequenteraccusator
1399 335 1866 423 miseratione,

230 444 411 497 Cum
449 438 586 497 aut
612 431 757 519 ejus
790 454 1014 499 casum
1036 480 1055 512 .,
1078 452 1279 520 quem
1314 426 1670 496 ulciscitur
1685 452 1707 513 3
1741 439 1861 500 aut
1925 501 1931 503 ,

227 516 654 589 liberorum
669 572 689 603 ‚
708 532 825 589 aut
844 526 1200 612 parentum
1233 517 1675 587 solitudinem
1696 544 1860 589 con-

224 610 611 701 queritur.
658 613 884 681 Etiam
920 610 1136 681 futuri
1183 608 1509 701 temporis
1557 608 1855 701 imagine

221 699 537 788 judices
592 704 868 787 mo‘vet,
925 701 1042 806 qui
1089 711 1408 769 maneant
1451 724 1566 769 eos
1607 725 1852 786 casus,

283 790 364 859 ui
405 790 507 859 de
541 788 606 861 vi
650 805 717 861 et
760 792 1015 880 injuria
1046 791 1267 883 questi
1301 802 1458 859 sunt
1484 842 1503 875 ‚
1535 790 1668 860 nisi
1701 790 1853 860 vin-

226 814 592 951 gine-ntur
636 908 652 951 ε
686 882 1098 973 Fugiendum
1140 883 1223 952 de
1258 885 1557 966 civitate,
1609 882 1851 951 ceden-

226 972 405 1041 dum
434 972 670 1053 bonis;
699 984 821 1042 aut
846 977 1094 1059 omnia,
1132 997 1524 1065 quoecunque
1543 976 1850 1045 inimicus

221 1062 493 1143 fi’cerit
522 1116 543 1147 ‚
598 1064 1015 1156 perstrenda.
1757 1078 1762 1081 '

330 1154 486 1225 Sed
524 1154 765 1247 saepius
800 1156 1001 1225 idest
1033 1153 1446 1225 accusatoris
1470 1205 1492 1237 ,
1537 1166 1843 1225 avertere

226 1242 558 1333 iudicem
587 1245 1252 1337 amiseratione‚qua
1279 1269 1432 1313 reus
1459 1244 1546 1313 sit
1572 1270 1840 1331 usurus,

229 1336 459 1428 atque
520 1334 608 1404 ad
655 1336 926 1405 sortiter
966 1334 1413 1426 judicandum
1467 1335 1838 1406 concitare.

229 1429 467 1515 Cujus
500 1425 635 1496 loci
678 1440 778 1495 est
813 1427 1015 1497 etiam
1054 1449 1390 1516 occupare
1416 1477 1436 1510 ‚
1492 1452 1640 1519 quae
1691 1426 1839 1497 dic·-

226 1526 488 1585 turum
510 1516 928 1590 facturumve
949 1516 1412 1609 adversarium
1429 1522 1834 1607 putes.Nam

226 1618 303 1677 et
350 1607 707 1677 cautiores
726 1610 843 1703 „ad
883 1608 1263 1679 custodiam
1306 1634 1440 1679 suae
1471 1607 1828 1701 religionis

211 1698 515 1786 ‘judices
556 1698 763 1783 facit,
797 1711 862 1768 et
898 1699 1185 1790 gratiam
1218 1699 1646 1790 responsuris
1690 1725 1828 1769 au·-

224 1786 373 1857 fert
396 1842 415 1873 ‚
460 1814 613 1860 cum
638 1814 755 1873 ea,
792 1815 937 1883 quae
960 1788 1285 1881 praedicta
1321 1799 1480 1856 sunt
1511 1788 1596 1857 ab
1631 1814 1862 1873 accu-⁸

226 1891 516 1966 satore,
564 1883 745 1969 jam,
802 1880 860 1949 si
907 1905 1031 1971 pro
1084 1902 1202 1947 reo
1237 1890 1574 1969 petentur
1603 1930 1622 1963 ‚
1677 1904 1821 1951 non

226 1967 381 2039 sint
406 1984 649 2041 nova..
675 1969 987 2041 Docendi
1024 1968 1299 2039 interim
1332 1994 1598 2061 quoque
1638 1970 1823 2059 judi-

230 2082 373 2145 σεε,
410 2060 577 2154 quid
596 2060 1005 2154 ,rogantibus
1038 2058 1449 2150 respondere
1477 2059 1770 2130 debeant
1799 2089 1815 2131 ε

226 2151 429 2242 quod
467 2164 567 2221 est
594 2178 807 2221 unum
842 2149 1272 2243 repetitionis
1303 2176 1538 2242 genu-s.

324 2241 839 2315 Periclitantem
884 2268 1044 2313 vero
1088 2241 1518 2313 commendat
1572 2240 1814 2335 digni-7

220 2340 333 2403 tas
358 2384 377 2416 .,
414 2344 481 2400 et
513 2332 739 2401 studia
771 2332 1012 2417 fortia,
1046 2344 1114 2400 et
1146 2344 1466 2424 susceptae
1497 2332 1681 2402 bello
1715 2335 1812 2405 ci-

226 2422 551 2508 catrices,
576 2435 644 2493 et
679 2422 1035 2509 nobilita5‚
1072 2433 1140 2493 et
1172 2423 1411 2493 merita
1451 2429 1808 2514 majorum.

221 2515 387 2583 Hoc
417 2567 437 2598 ‚
500 2513 684 2607 quod
730 2515 1032 2607 proxime
1087 2514 1268 2597 dixi,
1315 2516 1552 2586 Cicero
1602 2528 1807 2607 atque

220 2604 512 2672 Asinius
572 2606 883 2673 certatim
931 2617 1091 2673 sunt
1153 2603 1254 2673 usi
1299 2629 1322 2689 3
1371 2630 1496 2696 pro
1545 2610 1802 2682 Scauro

220 2706 419 2785 patre
468 2692 583 2763 hic
612 2745 632 2778 ‚
682 2694 797 2763 ille
836 2721 962 2787 pro
1013 2694 1181 2764 filio.
1239 2695 1684 2767 Commendat
1732 2711 1803 2769 et

220 2808 427 2855 causa
483 2784 822 2877 periculi,
872 2784 1358 2878 sispsuscepisse
1404 2786 1799 2861 inimicitias

218 2874 311 2943 ob
336 2875 615 2969 aliquod
642 2876 893 2947 sactum
919 2877 1282 2947 honestum
1309 2876 1579 2950 videtur
1589 2903 1612 2965 3
1631 2902 1799 2960 prae-

217 2966 419 3059 cipue
472 2966 743 3036 bonitas
770 3019 788 3051 ‚
825 2966 1214 3038 humanitas
1239 3020 1257 3052 ‚
1301 2968 1792 3041 misericordia.

216 3060 413 3127 Juste
460 3058 641 3130 enim
690 3070 856 3129 tunc
904 3070 1135 3151 petere
1167 3084 1245 3131 ea
1276 3058 1560 3153 quisque
1603 3060 1793 3132 vide·-

213 3157 333 3216 tux:
383 3173 420 3217 a
471 3149 739 3239 judice,
852 3176 950 3219 uae
999 3150 1118 3219 alii
1175 3150 1321 3242 ipse·
1375 3150 1788 3242 praestiterit,

214 3238 599 3310 Referenda
684 3265 789 3309 ars
804 3176 961 3311 ‘inec
991 3264 1261 3335 quoque
1295 3239 1382 3309 ad
1421 3241 1788 3316 utilitatem

214 3328 481 3419 reipub.
506 3382 526 3414 ‚
577 3264 679 3401 aei,
708 3330 1012 3421 judicum
1042 3330 1336 3425 gloriam
1366 3384 1386 3417 ‚
1438 3332 1525 3405 ad
1564 3360 1786 3409 exem-

212 3418 438 3513 plum,
493 3420 580 3495 ad
615 3421 1007 3495 memoriam
1038 3423 1480 3518 posteritatis..
