2175 3809
445 312 578 397 218
833 310 1027 376 Lus.
1088 311 1223 375 IV.
1270 310 1451 377 Car.
1500 314 1611 381 11:
1804 369 1811 372 .

439 398 580 469 suri
637 398 832 480 sunt,
867 422 1250 490 proponere
1284 399 1901 493 ce-rte‘plerumque
1936 398 2023 486 id

441 487 632 583 quod
686 488 1155 583 confirmaturi
1214 516 1443 559 sumus
1464 542 1483 576 ‚
1540 506 1834 583 oportet.
1882 498 2025 575 Cur

441 607 605 675 ergo
639 605 780 649 non
813 605 1227 676 exponamus
1250 632 1271 665 ‚
1328 581 1513 675 quod
1544 596 1613 651 et
1670 582 1847 653 dilui
1883 609 2026 675 po-q

437 674 621 762 test?
671 677 760 754 Et
811 684 887 739 ut
937 669 1070 741 hoc
1110 672 1502 765 contingat,
1558 673 2022 767 utiqueindi·

441 763 735 835 candum
766 775 888 831 est.
920 768 1060 833 Aut
1099 755 1265 856 qui'd
1313 764 1498 834 inter
1538 764 2021 857 probationem

440 868 510 925 et
557 858 1002 925 narrationem
1053 853 1382 939 interest,
1456 855 1588 925 nisi
1624 854 1811 950 quod
1861 882 2021 927 nat·-

438 951 612 1018 ratio
649 958 748 1015 est
781 944 1209 1037 probationis
1236 946 1565 1016 continua
1596 947 1975 1040 propositio
1996 1001 2023 1031 ,.

440 1062 673 1109 rursus
708 1036 1024 1129 probatio
1049 1042 1426 1109 narrationi
1450 1064 1835 1131 congruens
1860 1064 2018 1125 con-

440 1130 796 1201 firmatio?
1788 1210 1791 1213 ῃ
1894 1130 1899 1137 ’

531 1220 906 1293 Videamus
935 1244 1099 1312 ergo
1119 1272 1139 1305 ,
1170 1244 1337 1289 num
1359 1224 1683 1313 expositio
1710 1219 2016 1291 haeclon-

439 1316 590 1408 gior
621 1312 896 1385 demum
931 1336 1074 1381 esse
1103 1308 1389 1397 debean
1423 1325 1491 1381 et
1524 1312 1729 1405 paulo
1760 1312 2015 1384 verbo-

441 1407 582 1477 sior
630 1404 1159 1509 praeparatione,
1216 1415 1286 1472 et
1338 1390 1747 1495 qu‘ibusdam
1800 1428 2019 1496 argu-2

441 1510 692 1568 mentls
729 1498 1189 1584 <argumento
1210 1493 1367 1563 dico
1384 1548 1401 1571 ,
1427 1520 1569 1565 non
1598 1506 2014 1587 argumenta·

436 1594 612 1661 tione
641 1594 672 1673 )
706 1612 728 1672 3
762 1586 870 1655 cui
898 1597 1125 1655 tamen
1162 1584 1537 1677 plurimum
1586 1586 1851 1657 confert
1885 1586 2015 1657 fre·

437 1704 656 1775 quens
687 1675 1049 1749 affirmatio
1071 1728 1093 1761 ,
1116 1676 1479 1747 effecturos
1505 1702 1629 1747 nos
1648 1732 1667 1763 .,
1700 1676 1884 1772 quod
1912 1676 2010 1748 di-

439 1775 699 1856 cimus3
735 1795 875 1841 non
911 1793 1105 1861 posse
1140 1767 1276 1838 vim
1311 1794 1541 1839 rerum
1574 1768 1841 1839 ostendi
1882 1767 2013 1861 pri-

437 1891 546 1935 ma
593 1864 1000 1951 expositione
1027 1890 1044 1941 ;
1076 1872 1509 1951 exspectent,
1552 1869 1623 1930 et
1654 1861 2011 1953 opiniones

441 1981 595 2027 suas
629 1954 954 2023 differant
978 2005 997 2036 ,
1039 1964 1108 2019 et
1153 1950 1329 2021 bene
1360 1965 1661 2044 sperent.
1692 1952 2011 2045 Denique

439 2044 860 2119 narrandum
901 2056 1002 2113 est
1051 2042 1289 2135 utique
1316 2094 1335 2126 ‚
1378 2043 1707 2137 quicquid
1764 2038 2004 2126 aliter,

437 2164 642 2233 quam
668 2134 1095 2206 adversarius
1114 2133 1453 2225 exposuit,
1468 2135 1734 2205 narrari
1752 2131 2013 2227 potest3

341 2308 352 2327 ¹
439 2242 558 2300 aut
605 2252 687 2299 eo
736 2226 944 2296 etiam
969 2230 1287 2313 prooemia
1320 2226 1589 2296 suntin
1635 2225 1747 2296 his
1798 2230 2019 2312 causis,

439 2343 898 2415 supervacua3
933 2342 1078 2422 quae
1110 2316 1279 2408 quid
1304 2316 1519 2412 inagis
1537 2330 1788 2411 agunt,
1814 2342 2015 2410 quam

415 2426 517 2494 §ut
599 2410 980 2504 cognitioni
1045 2433 1273 2479 rerum
1332 2408 2018 2493 accommodatiorem
2120 2406 2122 2417 '

437 2502 741 2599 judicem
771 2502 1076 2571 faciant?
1110 2500 1323 2594 Atqui
1350 2514 1653 2585 constat,
1680 2524 2019 2594 nusquam

412 2620 682 2667 eorum
739 2620 884 2664 esse
947 2594 1275 2676 maiorem
1334 2616 1571 2677 usum,
1626 2618 1833 2685 quam
1866 2590 2010 2659 'ubi

438 2688 707 2759 animus
741 2682 991 2777 judicis
1017 2681 1104 2752 ab
1128 2681 1359 2777 aliqua
1384 2698 1624 2755 contra
1657 2695 1785 2756 xibs
1812 2682 2014 2777 insita

441 2780 774 2874 opinione
809 2774 1187 2847 flectendus
1222 2788 1345 2843 est.
1858 2838 1869 2851 ,
2116 2850 2118 2857 Ι

539 2866 1027 2963 Conjecturales
1065 2876 1296 2955 autem
1342 2891 1593 2953 causoe,
1631 2851 1716 2937 in
1766 2862 2014 2960 quibus
2117 2898 2118 2927 }

437 2962 528 3037 de
565 2963 744 3032 sacto
780 2959 1140 3065 quaeritur,
1176 2982 1314 3027 non
1348 2970 1486 3029 tam
1519 2982 1689 3051 saepe
1744 2957 1879 3042 rei,
1925 2954 2017 3025 de

437 3081 572 3149 qua
603 3052 938 3143 indictum
966 3062 1105 3131 est,
1140 3074 1343 3141 quam
1391 3076 1629 3120 eorum
1650 3102 1671 3136 ,
1702 3074 1825 3142 per
1865 3072 2015 3141 quae

434 3172 546 3219 res
599 3140 986 3236 colligenda
1029 3152 1173 3225 est,
1220 3146 1695 3231 expositionem
1732 3140 2007 3214 habent.

391 3252 606 3324 ,Quae
658 3259 816 3303 cum
873 3244 1227 3303 accusator
1277 3258 1390 3303 sus
1444 3232 1651 3305 iciose
1728 3240 1955 3301 narret
1994 3282 2017 3313 ,

433 3350 595 3397 reus
628 3324 851 3394 levare
885 3324 1343 3417 suspicionem
1376 3259 1671 3419 Xebeat3
1704 3324 1899 3413 aliter
1920 3320 2019 3391 ab

439 3412 574 3501 hoc
601 3465 621 3499 ,
659 3426 862 3505 atque
904 3414 1199 3505 abillo,
1240 3414 1328 3485 ad
1376 3415 1683 3509 judicem
1723 3411 2021 3513 perferri

462 3609 509 3625 χ
