2175 3809
517 286 532 290 ,
892 263 923 285 Γ

267 368 276 375 .
629 304 760 370 ΒΕ
831 304 1284 378 Exonnm.
1506 382 1511 387 ,
1662 320 1791 404 1'89

201 394 284 493 in
323 402 654 477 Verrem3
688 393 1010 555 deinceips
1034 449 1052 481 ‚
1095 398 1448 478 neomnia
1495 426 1789 477 enumea-

201 504 457 559 rentur
489 542 508 573 ‚
573 490 752 558 fama
828 490 897 573 ju
954 487 1243 559 iciorum
1290 544 1309 573 ,
1378 497 1787 585 exspectatio

198 581 396 673 vulgi
425 580 650 666 3nihil
677 575 862 645 enim
885 576 1131 649 horum
1170 580 1243 650 in
1276 577 1481 653 catisa
1515 598 1651 669 est,
1701 586 1791 657 ad

197 696 482 762 causam
524 686 752 741 tamen
809 668 1179 758 pertinent.
1238 672 1497 761 Adjicit
1540 675 1789 745 Theo·-

191 763 530 855 phrastus
564 763 650 832 ab
691 763 954 828 actione
981 766 1378 853 principium
1404 818 1422 849 ‚
1450 767 1649 857 quale
1686 768 1788 841 vi-

197 854 413 922 detur
449 881 594 923 esse
625 850 1113 923 Demosthenis
1145 879 1269 945 pro
1302 858 1785 949 Ctesiphonte,

196 956 281 1013 ut
329 944 465 1014 sibi
524 946 751 1015 dicere
791 967 914 1010 suo
955 944 1185 1033 potius
1219 946 1507 1016 arbitrio
1543 948 1785 1034 liceat,

195 1038 548 1127 rogantis,
583 1056 787 1129 quam
812 1058 893 1102 eo
919 1034 1161 1117 modo,
1199 1062 1397 1129 quem
1434 1044 1789 1109 accusator
1848 1090 1853 1096 ·

191 1131 462 1197 actione
486 1124 1005 1219 praescripserat.
1038 1132 1138 1211 (1)
1183 1127 1466 1197 Fiducia
1501 1130 1645 1221 ipsa
1677 1156 1785 1200 so-

194 1217 293 1287 let
326 1219 660 1310 opinione
703 1212 1105 1315 arrogantiae
1134 1218 1467 1287 laborare.
1492 1222 1788 1292 Faciunt

195 1310 506 1381 favorem
565 1324 634 1379 et
695 1307 816 1379 illa
893 1328 1066 1401 pene
1131 1310 1519 1380 communia
1551 1364 1570 1395 ‚
1642 1338 1784 1381 non

192 1414 428 1471 tamen
464 1396 842 1471 omittenda
875 1450 892 1479 ‚
933 1398 1036 1467 vel
1079 1398 1275 1482 ideo,
1309 1426 1394 1469 ne
1421 1406 1519 1487 (2)
1566 1428 1785 1472 occu-

193 1506 499 1585 pentur:
536 1507 810 1587 optare,
843 1494 978 1575 (3)
1015 1489 1396 1561 abominari
1424 1544 1443 1576 ‚
1494 1518 1735 1587 rogare
1760 1546 1781 1581 ‚

191 1584 578 1653 sollicitum
611 1608 832 1676 agere.
1336 1602 1339 1607 ’
1728 1606 1733 1615 ·

287 1680 406 1743 ΠΙ.
469 1682 636 1763 Quae
690 1674 1088 1766 plerumque
1125 1684 1459 1746 attentum
1508 1700 1781 1767 quoque

191 1764 506 1856 judicem
553 1767 866 1848 faciunt,
911 1764 964 1831 si
1025 1788 1131 1831 res
1198 1764 1305 1855 agi
1338 1764 1611 1833 videtur
1644 1792 1783 1835 no-

190 1882 275 1927 va
311 1910 330 1941 ‚
382 1884 664 1950 magna,
721 1868 954 1937 atrox,
1011 1854 1364 1947 pertinens
1414 1854 1498 1923 ad
1545 1878 1782 1925 exem·-

195 1948 390 2039 plum
417 1972 439 2033 3
466 1949 800 2041 praecipue
845 1958 1067 2013 tamen
1095 1997 1113 2028 ‚
1146 1945 1199 2013 si
1236 1944 1436 2033 judex
1458 1997 1476 2028 ‚
1511 1959 1629 2014 aut
1660 1972 1782 2017 sua

187 2039 384 2121 vice,
453 2028 570 2107 adt
613 2038 1002 2132 reipublicae
1043 2048 1548 2121 commovetur3
1588 2042 1781 2123 cujus

190 2130 468 2199 animus
489 2156 633 2221 spe,
657 2144 835 2200 metu
852 2182 869 2213 ‚
905 2126 1375 2197 admonitione
1393 2180 1410 2211 ‚
1442 2128 1785 2219 precibus,
1808 2210 1834 2217 ἣ

193 2228 297 2306 (4)
351 2222 653 2291 vanitate
709 2221 1040 2312 denique‚
1108 2220 1159 2288 si
1222 2218 1292 2288 id
1345 2220 1779 2310 profuturum

193 2313 570 2395 credimus,
599 2312 960 2405 agitandus
983 2323 1104 2379 est.
1135 2318 1307 2379 Sunt
1339 2320 1404 2377 et
1432 2310 1548 2379 illa
1586 2312 1779 2381 exci-

191 2403 433 2473 tandis
462 2404 547 2473 ad
579 2402 998 2474 audiendum
1031 2428 1171 2470 non
1210 2400 1482 2469 inutilia
1508 2454 1526 2485 ‚
1562 2402 1617 2471 si
1653 2422 1776 2473 nos

188 2520 418 2587 neque
439 2495 556 2564 diu
587 2510 1004 2579 moraturos,
1033 2519 1255 2587 neque
1290 2504 1474 2563 extra
1504 2519 1775 2567 causam

149 2667 156 2675 .
203 2586 514 2656 dicturos
547 2588 952 2656 existiment.

221 2684 228 2693 ’
285 2684 404 2747 IV.
423 2679 740 2747 Doci'lem
761 2679 906 2746 sine
937 2674 1148 2745 dubio
1167 2686 1232 2743 et
1248 2672 1549 2769 haecip'sa
1579 2702 1775 2768 praes-

189 2780 296 2837 tat
325 2770 620 2839 attentio
655 2797 670 2838 :
714 2770 830 2838 sed
871 2780 938 2837 et
998 2766 1173 2835 illud
1204 2820 1222 2849 ‚
1257 2765 1311 2834 si
1366 2766 1665 2837 breviter
1706 2778 1777 2835 et

197 2858 510 2929 dilucide
545 2880 875 2949 summam
918 2859 1054 2943 rei,
1090 2858 1173 2927 de
1204 2882 1333 2949 qua
1369 2874 1774 2949 cognoscere

191 2950 483 3035 debeat,
555 2950 1084 3021 indicaverimus
1136 2978 1149 3019 :
1193 2949 1377 3042 quod
1436 2954 1773 3016 Homerus

193 3053 402 3134 atque
459 3042 799 3137 Virgilius
859 3060 1141 3136 operum
1194 3065 1473 3109 suorum
1519 3036 1774 3131 princi-

261 3164 342 3233 (ι)
365 3168 474 3216 Haec
495 3186 676 3234 parum
697 3167 928 3221 videntur
959 3168 1203 3221 cohaefere
1236 3185 1353 3217 cum
1390 3168 1455 3217 iis
1474 3166 1565 3235 qui
1596 3182 1773 3234 praece·

189 3228 336 3281 dunt.
363 3232 508 3283 Forte
525 3232 614 3283 hic
643 3246 931 3301 corruptum
961 3232 1175 3302 aliquid.

261 3296 339 3361 (¹2
408 3298 489 3349 Ab
519 3298 812 3351 adversario.
853 3310 856 3315 '

303 3362 333 3409 3
399 3364 632 3416 Amoliiri
655 3384 682 3414 a
703 3384 752 3414 se
771 3362 1091 3431 suspiciones,

301 3426 334 3491 4
402 3428 660 3483 [nudibus
669 3468 688 3497 ‚
707 3448 816 3499 quae
839 3430 1134 3497 plerumque
1156 3427 1283 3481 falsa
1297 3442 1381 3484 aut
1394 3448 1529 3487 vana
1542 3443 1679 3487 sunt·
