2175 3809
564 295 709 362 ‘Du
754 287 1294 364 Cromna-nu}
1603 303 1612 312 '
1673 296 1760 366 5¹5

187 377 297 472 (1)
310 381 691 478 Phrygium
718 379 1057 468 cecinerat
1080 435 1102 470 ,
1127 397 1279 454 acto
1311 376 1430 454 illo
1459 383 1530 454 in
1567 383 1764 456 insa-

183 475 373 546 niam
412 490 485 545 et
526 500 648 568 per
698 475 1069 568 praecipitia
1099 475 1368 560 delato,
1409 473 1712 548 accusari
1739 527 1764 562 ‚

232 566 373 637 uod
412 592 616 640 causa
655 565 893 636 mortis
940 565 1240 636 extiterit
1274 594 1290 636 ε
1341 592 1487 656 quae
1529 567 1584 636 si
1624 567 1764 638 dici

182 592 393 728 dehet
416 657 515 728 ‘ab
546 670 851 742 oratore,
876 683 1003 728 nec
1038 657 1176 728 dici
1211 657 1378 728 citra
1403 659 1764 730 scientiam

180 749 479 820 musices
528 760 751 842 potest
776 801 795 833 ,
828 747 1174 842 quomodo
1208 775 1348 820 non
1381 750 1562 820 hanc
1593 775 1766 843 quo-

182 864 317 932 que
352 853 569 910 artem
602 840 1049 910 necessariam
1099 865 1244 911 esse
1291 842 1484 935 operi
1527 853 1766 914 nostro

180 930 291 1024 vel
338 938 446 1016 (2)
498 931 723 1025 iniqui
785 932 1280 1002 consentiant?

180 1079 1775 1116 §xsssxmaemnxzxaexssuxxsmsssxxffixsfflxs2§tmsssssssslstzzsn'

647 1177 701 1244 C
724 1177 785 1242 A
812 1177 867 1242 P
898 1179 961 1242 U
996 1179 1060 1242 T
1154 1179 1187 1242 I
1214 1178 1304 1242 X.

742 1312 839 1374 De
880 1310 1218 1373 Geometria.

183 1421 298 1530 Iu
345 1457 727 1552 geometria
772 1470 1035 1550 partem
1088 1457 1395 1528 fatentur
1439 1483 1583 1530 esse
1619 1458 1770 1530 uti-

184 1555 315 1644 len}
346 1550 605 1620 teneris
630 1549 941 1619 aetatibus
968 1578 985 1618 t
1022 1547 1267 1655 agitari
1297 1576 1586 1644 namque
1617 1551 1768 1622 ani-

183 1667 329 1716 mos
356 1695 375 1726 ,
412 1654 617 1734 atque
661 1641 813 1709 acui
851 1641 1130 1746 ingenia
1155 1693 1174 1726 ,
1221 1667 1300 1712 ac
1347 1643 1768 1714 celeritatem

181 1731 617 1830 percipiendi
654 1729 886 1802 venire
921 1731 1084 1802 inde
1112 1786 1134 1819 ,
1180 1731 1611 1802 concedunt:
1647 1734 1770 1804 sed

180 1824 508 1921 prodesse
539 1847 689 1892 eam
714 1875 734 1907 ,
768 1845 911 1892 non
943 1836 1021 1892 ut
1051 1835 1325 1892 caeteras
1360 1838 1535 1893 artes
1562 1876 1578 1908 ,
1609 1850 1766 1895 cum

180 1927 523 2012 perceptae
568 1913 750 1999 sint,
802 1912 921 1983 sed
962 1939 1122 1984 cum
1153 1913 1492 1994 discatur,
1539 1915 1770 1985 existi-

180 2021 400 2080 mant.
434 2009 535 2076 Ea
567 2010 671 2090 (3)
698 2003 998 2095 vulgaris
1020 2003 1259 2097 opinio
1294 2015 1414 2075 est.
1446 2011 1588 2076 Nec
1619 2006 1768 2078 sine

179 2125 387 2174 causa
444 2095 687 2164 summi
734 2095 867 2166 viri
920 2095 1128 2166 etiam
1179 2095 1558 2188 impensam
1603 2097 1770 2171 huic

179 2185 488 2261 scientiae
542 2211 819 2279 operam
866 2185 1231 2258 dederunt.
1278 2195 1450 2258 Nam
1483 2243 1501 2274 ,
1555 2215 1766 2283 quum

178 2281 267 2352 sit
335 2277 717 2372 geometria
749 2277 993 2349 ‚divisa
1046 2279 1120 2348 in
1187 2305 1506 2350 numeros
1563 2293 1766 2376 atque

177 2373 486 2455 formas3
521 2394 963 2440 numerorum
1012 2368 1294 2474 quidem
1329 2371 1578 2442 notitia
1623 2401 1784 2459 non·

178 2462 444 2548 oratori
494 2461 697 2530 modo
724 2513 742 2545 ‚
791 2460 909 2530 sed
949 2485 1336 2554 cuicunque
1364 2461 1602 2554 primis
1635 2465 1766 2535 sal-

119 2589 125 2596 ·
174 2568 317 2626 tem
363 2551 617 2624 litteris
675 2550 949 2622 erudito
983 2606 1003 2638 ,
1048 2554 1438 2622 'necessaria
1500 2567 1622 2625 est.
1684 2563 1762 2629 In

176 2651 403 2718 causis
472 2668 634 2713 vero
705 2642 812 2713 vel
880 2643 1431 2737 frequentissime
1507 2650 1761 2719 versari

178 2737 354 2808 solet
378 2762 403 2824 3
441 2735 515 2804 in
544 2733 797 2828 quibus
832 2747 1061 2818 actor,
1099 2759 1240 2804 non
1267 2733 1424 2805 dico
1450 2790 1468 2821 .‚
1501 2739 1554 2807 si
1585 2739 1768 2811 circa

174 2852 477 2900 summas
511 2824 833 2917 trepidat,
866 2826 986 2896 sed
1017 2827 1071 2896 si
1103 2825 1474 2920 digitorum
1508 2836 1608 2915 (4)
1631 2831 1786 2898 sab·

174 2921 608 2991 temincerto
636 2929 755 2986 aut
784 2915 1113 2988 indecoro
1141 2931 1336 3010 gestu
1357 2946 1394 2988 a
1418 2932 1769 3011 computa-

116 3069 123 3077 .
173 3011 369 3082 tione
428 3007 787 3093 dissentit,
848 3007 1196 3098 judicatur
1247 3009 1590 3081 indoctus.
1639 3009 1764 3080 Illa

238 3177 300 3230 (ι
332 3169 355 3236 )
384 3165 650 3236 Phrygius
674 3167 848 3216 modus
864 3180 934 3219 est
950 3185 1061 3218 acer
1091 3180 1141 3218 et
1169 3168 1465 3224 vehemens,
1485 3165 1576 3234 qui
1595 3165 1766 3220 homi-

170 3251 293 3286 nem
319 3231 575 3297 concitat,
594 3245 651 3282 ee
666 3235 721 3282 iu
744 3233 957 3284 furorem
986 3233 1232 3287 accendit.

286 3319 318 3351 2
392 3299 498 3366 Qui
523 3300 733 3349 minime
764 3300 928 3349 favent
962 3301 1053 3350 arti
1074 3311 1263 3348 nostrae.

288 3303 360 3433 33
395 3366 464 3415 Ea
489 3363 665 3432 opinio
694 3375 763 3414 est
785 3367 923 3434 vulgi
952 3375 1144 3416 tantum
1172 3359 1414 3427 imperiti.

243 3431 348 3500 (4)
380 3432 555 3484 Solum
582 3470 595 3498 ‚
634 3429 801 3481 etiam.
1183 3439 1189 3446 ’

1257 3496 1396 3562 (33
