2175 3809
363 294 1479 475 {ZizommenldagtlssrX-Incqzrdqfi
1506 391 1574 448 et
1602 358 1961 461 invidiam,

362 467 566 538 valet.
601 474 772 539 Nam
807 483 871 539 et
903 474 1073 559 Ajax
1106 472 1285 563 apud
1319 470 1645 543 Ovidium
1682 497 1696 539 :

361 623 508 685 Ante
527 634 660 675 rates
673 665 689 692 ‚
716 625 912 693 inquit,
940 628 1131 704 aginae-s
1158 644 1357 676 causam
1372 664 1389 693 ,
1421 637 1471 677 et
1484 644 1669 677 mecum
1688 626 1950 693 confertur

535 705 770 772 Ulrues.⁶
809 704 926 758 Lib.
966 708 1015 759 3.
1043 711 1243 761 Metam.
1270 708 1317 761 5.

449 828 540 891 Et
569 822 820 892 Miloni
848 831 948 909 (1)
977 824 1157 894 inter
1182 837 1416 895 eaetera
1448 824 1793 912 objectum
1814 840 1943 913 est,

359 912 544 1005 quod
577 912 859 983 Clodius
892 915 961 983 in
1001 912 1463 985 monumentis
1488 916 1575 985 ab
1608 942 1689 985 eo
1724 923 1943 1005 majo-

360 1030 511 1073 rum
559 1022 836 1073 suorum
880 1018 1056 1075 esset
1102 1006 1391 1075 occisus.
1442 1006 1551 1075 Ad
1598 1006 1938 1078 suadendi

357 1108 700 1166 momenta
752 1094 934 1164 idem
992 1096 1171 1166 valet
1190 1122 1211 1183 3
1266 1095 1443 1165 sieut
1482 1104 1581 1182 (2)
1633 1111 1939 1191 tempus,

357 1191 620 1274 cujus...
657 1186 832 1256 ratio
857 1239 876 1270 ‚
941 1199 1009 1255 et
1071 1186 1143 1254 in
1179 1186 1482 1256 consiliis
1512 1187 1832 1279 quidem,
1866 1203 1973 1259 et'

357 1276 431 1345 in
489 1276 610 1345 illo
675 1277 1180 1347 demonstrativo
1238 1302 1485 1369 genere
1547 1292 1859 1349 versatur
1915 1308 1932 1348 z

354 1367 474 1437 sed
530 1366 602 1436 in
644 1367 920 1455 judiciis
981 1366 1527 1458 frequentissima
1589 1380 1713 1437 est.
1760 1376 1937 1439 Nam

367 1468 440 1526 et
503 1458 674 1547 juris
725 1458 1134 1549 quaestiones
1176 1458 1381 1541 facit,
1432 1472 1502 1528 et
1546 1458 1937 1549 qualitatem

351 1546 761 1637 distinguit,
811 1559 880 1616 et
925 1546 1014 1615 ad
1057 1553 1499 1639 conjecturam
1555 1548 1931 1639 plurimum

351 1637 662 1719 confert3
707 1649 784 1704 ut
807 1688 827 1719 ‚
863 1643 963 1721 (3)
995 1662 1147 1706 cum
1174 1637 1451 1707 interim
1490 1638 1933 1731 probationes

349 1726 914 1819 inexpugnabiles
938 1728 1211 1811 afferat,
1244 1728 1477 1819 quales
1509 1741 1691 1813 sunt,
1718 1730 1775 1799 si
1810 1732 1935 1801 di·-

349 1831 544 1888 catur
576 1824 698 1900 (ut
745 1843 944 1906 supra
973 1819 1166 1910 posui
1190 1824 1285 1903 (4)
1332 1825 1429 1904 (5)
1454 1818 1783 1911 signator,
1810 1821 1929 1913 qui

347 1923 506 1979 ante
538 1908 719 1979 diem
769 1909 1159 1979 tabularu'm
1194 1908 1519 1994 decessit;
1562 1923 1681 1979 aut
1728 1936 1933 1981 com-

345 2000 609 2070 misisse
644 1999 943 2104 aliquid,
989 1999 1097 2069 vel
1130 2025 1285 2068 cum
1322 2000 1549 2070 infans
1581 2014 1795 2087 esset,
1820 2002 1930 2075 vel

345 2118 500 2162 curn
537 2116 816 2160 omnmo
853 2102 1051 2159 natus
1094 2116 1235 2159 non
1267 2102 1463 2159 esset.
1518 2108 1523 2115 “

431 2189 685 2252 Praeter
737 2180 807 2249 id
833 2232 852 2263 .,
912 2180 1099 2272 quod
1162 2182 1394 2251 omnia
1451 2181 1649 2251 facile
1712 2208 1931 2275 argu-

338 2284 571 2343 menta
599 2282 718 2338 aut
747 2295 825 2338 ex
853 2268 958 2354 iis,
995 2297 1141 2363 quae
1168 2284 1327 2341 ante
1368 2298 1511 2343 rem
1538 2274 1715 2344 sacta
1741 2286 1927 2359 sunt,

339 2376 462 2433 aut
515 2389 596 2432 ex
647 2361 1034 2448 conjunctis
1061 2362 1201 2447 rei,
1256 2375 1375 2431 aut
1424 2365 1929 2456 consequenti-

337 2454 468 2524 bus
514 2452 882 2521 ducuntur.
913 2457 1012 2521 Ex
1045 2450 1612 2523 antecedentibus
1667 2481 1683 2522 ε
1724 2455 1929 2525 Mor-

339 2558 464 2617 tem
487 2549 775 2614 minatus
796 2567 866 2612 es
883 2594 904 2627 ,
929 2555 1121 2613 noctu
1145 2548 1377 2628 existi,
1404 2546 1926 2634 proficiscentem

239 2715 252 2723 ,
335 2639 758 2709 antecessisti.
768 2639 882 2703 ‚Ex
909 2635 1015 2723 adj
1028 2634 1270 2716 unctis,
1290 2660 1489 2705 sonus
1504 2636 1777 2705 auditus
1790 2649 1924 2719 σείς

333 2728 590 2799 clamor
607 2724 906 2796 sublatus
933 2737 1047 2795 est.
1068 2733 1167 2795 Ex
1202 2725 1721 2819 insequentibus
1761 2740 1931 2798 sunt

337 2820 455 2891 illa
472 2873 493 2904 ‚
525 2819 814 2899 latuisti,
836 2816 1203 2908 prosugz'sti
1222 2868 1243 2901 ‚
1274 2815 1510 2890 livores
1536 2829 1603 2887 ct
1630 2828 1929 2889 tumores

329 2918 860 3004 apparuerunt...

393 3068 479 3135 (ι)
515 3068 611 3119 Pro
642 3064 836 3115 Miione
862 3100 878 3125 ‚
911 3075 989 3126 17.
1015 3072 1063 3110 et
1091 3060 1172 3111 18.

392 3137 478 3201 (α)
507 3132 733 3198 Tempus.
765 3132 858 3178 Pro
881 3128 984 3192 lege
1009 3126 1213 3177 Manilia
1228 3164 1244 3193 ‚
1263 3144 1317 3178 u.
1340 3126 1423 3181 35.
1450 3129 1551 3182 Pro
1574 3126 1764 3197 Cadio,
1787 3146 1843 3179 n.
1870 3147 1923 3182 ι.

325 3207 426 3257 Pro
454 3200 640 3249 Mi'one
655 3234 669 3259 ‚
690 3214 740 3244 n.
767 3192 849 3258 49.
869 3220 930 3229 -
945 3191 1026 3256 βα.

396 3267 484 3329 (3)
527 3262 597 3311 Ul
615 3266 724 3307 cum
747 3297 763 3322 ‚
802 3274 893 3325 pro
915 3256 1107 3324 quippe
1136 3256 1291 3324 quod.

389 3328 475 3391 (4)
505 3330 622 3390 Pag.
664 3326 781 3375 302.

392 3390 476 3455 (5)
503 3387 559 3441 si
582 3388 774 3438 dicatur
794 3385 978 3452 aliquis
1005 3386 1155 3436 fuisse
1176 3385 1413 3453 signator.

2135 408 2143 600 ᾖ
