2175 3809
734 295 803 360 D
825 315 865 360 E
925 297 1005 362 Μ
1022 312 1067 362 u
1088 318 1122 363 s
1139 315 1166 362 1
1192 320 1228 362 c
1251 317 1317 364 z.
1717 299 1802 368 51

220 379 481 468 vendes
542 381 975 452 audientium
1036 385 1372 472 affectus3
1422 383 1690 482 aliaque
1738 399 1810 458 et

218 473 701 547 collocationis
732 487 802 543 et
835 471 1019 544 vocis
1050 481 1081 560 (
1122 487 1198 544 ut
1235 482 1338 562 (1)
1377 476 1620 548 eodem
1654 491 1812 550 utar

220 567 492 654 verbo)
538 564 1010 636 modulatione
1060 567 1594 639 concitationem
1631 569 1816 659 judi-

220 685 378 730 cum
406 711 429 742 ‚
482 657 617 727 alia
667 657 1206 730 misericordiam
1264 659 1604 752 petimus3
1657 686 1814 736 cum

222 751 434 821 etiam
470 749 775 840 organiS‚
816 749 1065 842 quibus
1100 777 1318 821 sermo
1350 751 1633 844 exprimi
1671 777 1818 824 non

220 851 488 948 potest,
510 841 689 924 affici
724 841 987 912 animos
1026 841 1100 910 in
1134 842 1476 916 diversum
1496 843 1816 916 habitum

226 945 633 1006 sentiamus.

314 1024 646 1116 Corporis
666 1047 939 1116 quoque
958 1024 1208 1096 decens
1225 1037 1293 1094 et
1325 1038 1524 1118 aptus
1557 1038 1816 1114 motus·

222 1116 347 1210 qui
399 1115 657 1208 dicitur
694 1129 967 1203 ὲυρυομίκ,
1016 1127 1118 1184 est
1169 1117 1638 1206 necessarius,
1685 1141 1819 1190 nec

224 1205 515 1279 aliunde
550 1205 691 1298 peti
722 1219 949 1298 potest
982 1233 1003 1292 ;
1060 1207 1133 1276 in
1167 1233 1306 1301 quo
1339 1234 1494 1301 pars
1526 1208 1822 1280 actionis

224 1325 371 1370 non
410 1298 691 1368 minima
726 1299 1063 1368 consistit.
1084 1305 1238 1387 Qua
1265 1297 1350 1369 de
1383 1325 1454 1370 re
1481 1301 1822 1393 sepositus

226 1391 435 1464 nobis
467 1402 569 1460 est
601 1391 812 1461 locus.
846 1397 991 1482 Age
1018 1443 1037 1476 ‚
1070 1391 1126 1460 si
1163 1390 1448 1462 habebit
1474 1392 1544 1461 in
1580 1390 1822 1486 primis

232 1508 472 1556 curam
506 1483 693 1560 vocis
726 1495 961 1552 orator
988 1490 1134 1568 (2),
1172 1483 1340 1575 quid
1365 1496 1502 1554 tam
1529 1483 1826 1556 musices

230 1573 591 1738 groprium
617 1584 647 1645 ἐ’
672 1573 806 1644 Sed
832 1599 919 1644 ne
946 1571 1086 1646 haec
1116 1575 1394 1668 quidem
1416 1597 1828 1670 praesumen-

283 1697 321 1742 a
359 1673 463 1751 (3)
502 1691 657 1758 pars
686 1677 789 1734 est
820 1719 840 1752 ‚
889 1678 965 1735 ut
1016 1667 1474 1738 uno'interim
1509 1669 1830 1739 contenti.

230 1761 447 1830 simus
481 1757 789 1850 exemplo
824 1763 899 1827 C.
936 1757 1269 1843 Gracchi,
1303 1759 1627 1852 praecipui
1659 1785 1821 1829 suo-

234 1876 387 1921 rum
434 1861 817 1940 temporum
852 1850 1148 1920 oratoris
1173 1902 1192 1935 ‚
1232 1849 1342 1920 cui
1377 1850 1822 1921 concionanti

234 1941 621 2013 consistens
682 1953 836 2035 post
900 1966 1057 2010 eum
1121 1939 1418 2010 musicus
1449 1993 1470 2025 ‚
1533 1939 1762 2011 fistula
1798 1994 1820 2026 ,

232 2061 441 2129 quam
484 2043 691 2126 rovgfm
740 2045 1028 2119 vocant,
1076 2033 1350 2119 modos,
1401 2031 1656 2126 quibus
1702 2031 1823 2103 de·-

234 2126 433 2198 beret
486 2125 802 2210 intendi,
842 2123 1298 2196 ministrabat.
1343 2129 1508 2194 Haec
1555 2124 1618 2194 ei
1654 2149 1824 2196 cura.

236 2220 422 2289 inter
456 2214 957 2290 turbidissimas
1002 2222 1328 2301 actiones,
1381 2215 1487 2286 vel
1528 2218 1820 2288 terrenti

232 2311 605 2405 optimates
628 2361 647 2394 ‚
708 2307 818 2379 vel
876 2313 1009 2398 jam
1072 2308 1343 2378 timenti
1403 2306 1558 2378 fuit.
1602 2308 1824 2381 ‹Libet

234 2415 524 2496 propter
605 2399 935 2493 quosdam
1014 2398 1472 2492 imperitiores
1516 2450 1535 2483 ,
1613 2401 1823 2470 etiam

233 2499 599 2574 crassiore,
627 2505 701 2561 ut
733 2503 982 2562 vocant
1003 2544 1022 2577 ‚
1054 2515 1282 2573 musa,
1313 2489 1823 2562 dubitationem

235 2585 443 2676 hujus
470 2583 791 2656 utilitatis
826 2583 1143 2654 eximere.
1173 2589 1346 2652 Nam
1375 2591 1606 2675 poetas
1632 2596 1822 2654 certe

235 2675 570 2784 legendos
587 2675 847 2746 oratori
869 2676 1104 2745 futuro
1122 2675 1584 2744 concesserint
1607 2701 1630 2762 3
1654 2699 1823 2744 num

238 2770 457 2862 igitur
486 2769 561 2839 hi
611 2767 759 2838 sine
792 2767 1052 2837 musice
1082 2775 1112 2835 't’
1138 2771 1232 2835 At
1260 2765 1314 2834 si
1348 2766 1500 2861 quis
1532 2779 1668 2836 tam
1703 2792 1828 2835 cae-

238 2886 359 2932 cus
379 2861 595 2931 animi
630 2871 773 2946 est,
802 2870 879 2928 ut
908 2857 992 2929 de
1014 2857 1170 2928 aliis
1203 2855 1507 2929 dubitete
1542 2856 1696 2928 illos
1719 2858 1826 2944 (4)

292 3031 331 3150 (ς
348 3053 368 3086 1
388 3033 412 3112 )
438 3022 717 3112 Mod-nlntio
732 3032 936 3102 proprie
950 3032 1012 3083 ad
1026 3032 1402 3084 collocationem
1415 3031 1566 3082 solam
1585 3028 1828 3112 pertinet:
1857 3019 1860 3024 ¹

240 3116 289 3150 ⁸²
310 3099 439 3366 (ἓξ
456 3118 576 3217 ἱῖἱῖ
599 3099 1248 3233 ῗῗοῗὲἒρῗοὲῗωοὼΜ

310 3233 384 3364 l}
452 3298 869 3352 §obaudiendum
882 3297 1096 3364 aliquid.
1113 3294 1368 3347 Fatebitur
1390 3290 1503 3342 illos
1521 3292 1688 3344 saltem
1703 3333 1718 3358 ‚
1736 3296 1830 3363 qui

246 3363 469 3414 carmina
512 3363 579 3415 ad
611 3357 773 3436 lyram
807 3373 1220 3434 composuerunt,
1251 3358 1358 3410 sine
1387 3359 1574 3409 musice
1611 3359 1709 3427 legi
1727 3377 1830 3412 uon

240 3444 410 3494 posse.
1495 3447 1500 3452 ·

1381 3495 1437 3556 C
1487 3516 1527 3558 2

454 3233 533 3282 De
553 3249 674 3282 voce
694 3230 919 3283 dicturus
936 3243 1006 3282 est
1024 3231 1199 3282 eodem
1212 3229 1306 3278 lib.
1328 3245 1350 3278 ι
1367 3243 1386 3274 i
1407 3263 1423 3290 ‚
1447 3244 1489 3279 e.
1515 3225 1564 3276 3.
