2175 3809
402 310 547 383 336
854 308 957 376 Lx
980 328 1045 373 t.
1082 305 1217 371 vl.
1263 297 1446 369 Car.
1493 298 1548 365 1.

372 399 605 473 dibrio
648 396 856 469 etiam
890 396 1289 489 pierumque
1321 399 1481 459 sunt
1511 381 1960 489 hominibus,

368 518 547 586 quos
570 542 591 573 ,
625 515 767 560 non
810 494 1316 582 permoverunt.
1356 486 1587 567 Quare
1625 487 1962 545 metiatur

370 608 457 655 ac
484 582 855 675 diligenter
874 578 1161 649 aestimet
1191 574 1367 644 vires
1393 595 1548 641 suas
1572 578 1807 650 actor3
1847 578 1920 635 et
1937 616 1960 651 ,

369 686 706 757 quantum
764 694 945 740 onus
1002 666 1356 737 subiturus
1395 662 1481 731 sit
1512 711 1534 745 ‚
1581 656 1962 749 intelligat.

364 764 565 835 Nihil
604 762 811 833 habet
856 761 985 829 ista
1016 782 1124 827 res
1157 754 1462 827 medium
1489 803 1510 835 ,
1545 749 1668 820 sed
1701 760 1825 817 aut
1864 747 1964 817 la-

372 880 637 949 crymas
680 864 1016 935 meretur,
1069 861 1189 917 aut
1229 845 1460 916 risum.
1751 930 1768 944 ·

462 952 621 1015 Non
654 957 881 1013 autem
908 962 1335 1012 commovere
1367 944 1632 1004 tantum
1675 955 1961 999 mxsera-

368 1034 634 1107 tionem
664 1088 684 1120 ‚
720 1033 837 1105 sed
882 1032 1090 1101 etiam
1125 1029 1464 1098 discutere
1497 1076 1518 1105 ,
1550 1021 1810 1127 epilogi
1854 1034 1962 1091 est

371 1126 727 1221 proprium
754 1178 777 1209 ,
824 1148 979 1195 cum
1028 1120 1341 1189 oratione
1383 1126 1716 1185 continua
1745 1166 1766 1197 ‚
1803 1138 1957 1205 quae

370 1231 593 1288 motos
622 1215 940 1309 lacrymis
968 1211 1231 1303 judices
1266 1207 1350 1279 ad
1387 1205 1718 1295 justitiam
1748 1203 1959 1273 redu-

368 1320 515 1393 cat,
549 1322 693 1379 tum
726 1308 931 1378 etiam
963 1300 1372 1397 quibusdam
1400 1297 1662 1367 urbane
1695 1294 1908 1365 dictis
1929 1320 1957 1377 3

366 1399 575 1492 quale
614 1412 755 1469 est:
784 1400 959 1469 Date
976 1419 1179 1488 puero
1204 1416 1472 1484 panem,
1495 1413 1576 1457 ne
1591 1386 1818 1478 ploret
1831 1419 1851 1468 3
1887 1398 1957 1455 et

368 1490 778 1583 corpulento
814 1485 1192 1579 litigatori,
1237 1486 1434 1569 cujus
1467 1477 1904 1549 adversarius
1931 1529 1954 1561 ‚

368 1579 533 1649 item
564 1604 762 1671 puer,
794 1580 975 1647 circa
1006 1576 1266 1662 judices
1291 1586 1476 1658 erat,
1501 1569 1588 1639 ab
1612 1567 1952 1639 advocato

370 1670 549 1740 latus
584 1697 599 1739 ε
652 1670 842 1770 Quid
852 1667 1126 1762 faciam
1159 1673 1184 1734 ἰ’
1217 1689 1340 1755 ego
1381 1676 1443 1734 le
1479 1660 1791 1757 bajulare
1817 1686 1952 1731 non

413 1787 653 1831 ossum.

358 1789 407 1853 p
459 1852 593 1923 Sed
612 1852 754 1923 haec
776 1863 1005 1921 tamen
1038 1870 1183 1917 non
1201 1844 1455 1916 debent
1473 1870 1619 1915 esse
1645 1841 1948 1913 mimica.

366 1949 469 2013 Ita
490 1968 711 2037 neque
732 1942 927 2013 illum
952 1936 1382 2033 probaverim
1405 1988 1424 2021 ‚
1441 1936 1559 2029 qui
1596 1935 1781 2005 inter
1809 1933 1949 2003 cla-

361 2034 669 2105 rissimos
702 2035 809 2103 sui
849 2030 1175 2125 temporis
1224 2040 1527 2097 oratores
1561 2025 1733 2109 fuit,
1783 2024 1947 2118 qui,

363 2126 599 2217 pueris
632 2124 706 2195 in
738 2123 1065 2215 epilogum
1115 2118 1496 2214 producti5‚
1545 2117 1718 2187 talos
1767 2142 1945 2207 pro-

362 2216 528 2305 jecit
560 2216 633 2284 in
662 2214 961 2284 medium
993 2266 1012 2297 ‚
1058 2238 1230 2317 quos
1253 2210 1354 2279 illi
1389 2208 1689 2314 diripere
1724 2233 1948 2313 coege-

366 2318 551 2375 runt.
576 2313 883 2399 Namqtle
916 2305 1057 2376 haec
1088 2328 1236 2397 ipsa
1253 2299 1673 2371 discriminis
1698 2300 1803 2369 sui
1841 2324 1862 2367 1
1928 2336 1948 2350 ·

364 2396 686 2465 notantia
719 2396 943 2488 potuit
968 2421 1112 2465 esse
1145 2391 1572 2471 miserabilis,
1594 2398 1833 2483 Neque
1859 2324 1946 2459 5-

358 2484 541 2570 lum,
584 2485 738 2578 qui,
770 2511 924 2555 cum
954 2497 1128 2555 esset
1155 2495 1476 2561 cruentus
1501 2481 1772 2575 gladius
1792 2484 1944 2568 ejus

363 2577 451 2647 ab
483 2588 873 2647 accusatore
924 2576 1266 2669 prolatus,
1315 2599 1453 2666 quo
1481 2574 1539 2643 is
1585 2572 1946 2643 hominem

359 2661 695 2761 probabat
720 2668 1017 2738 occisum
1038 2720 1059 2752 ,
1109 2666 1339 2736 subito
1371 2690 1453 2734 ex
1485 2662 1832 2735 subselliis
1863 2676 1947 2733 ut

357 2760 641 2829 territus
668 2758 879 2851 fugit,
914 2771 1019 2845 et,
1050 2760 1271 2851 capite
1316 2782 1397 2849 ext
1427 2768 1619 2849 parte
1671 2756 1902 2827 velato
1919 2809 1944 2842 ,

360 2877 517 2923 cum
550 2848 636 2920 ad
655 2862 967 2943 agentem
987 2875 1069 2920 ex
1098 2849 1298 2919 turba
1316 2874 1476 2940 pros
1525 2846 1802 2933 exisset,
1830 2845 1946 2917 in·-

360 2942 774 3035 terrogavif,
800 2967 887 3011 an
920 2946 1054 3029 jam
1087 2941 1204 3013 isse
1238 2965 1391 3011 cum
1423 2964 1468 3030 g
1497 2938 1656 3009 adio
1703 2964 1950 3009 reces-

356 3032 577 3103 sisset.
602 3033 793 3103 Fecit
814 3032 999 3101 enim
1018 3032 1260 3117 risum,
1280 3030 1402 3101 sed
1419 3029 1757 3099 ridiculus
1781 3030 1946 3099 suit.

357 3122 827 3196 Discutiendae
890 3136 1116 3193 tamen
1167 3122 1484 3193 oratione
1537 3119 1947 3210 hujusmodi

358 3238 595 3295 scenae.
619 3215 1043 3307 Egregieque
1080 3213 1324 3286 Cicero
1355 3240 1369 3281 ε
1405 3224 1476 3281 et
1504 3226 1744 3283 contra
1770 3214 1948 3285 ima·-

352 3302 585 3390 ginem
611 3305 961 3377 Saturnini
1000 3332 1124 3395 pro
1145 3305 1428 3383 Rabirio
1466 3310 1566 3389 (1)
1591 3308 1940 3399 graviter:

420 3420 488 3481 (¹
511 3420 535 3486 )
564 3422 695 3479 Vide
718 3424 1011 3481 Ciceronem
1026 3427 1122 3500 1520
1143 3434 1349 3495 Rabirio
1365 3468 1384 3501 ,
1403 3450 1547 3493 num.
1576 3430 1662 3499 ⁴²4·
1679 3444 1730 3487 et
1751 3432 1838 3489 25.

552 3518 561 3523 “
850 3558 860 3564 -
1454 3522 1458 3527 ’
1873 3512 1948 3573 et
