2175 3809
411 297 454 370 4
800 301 804 305 ’
1037 293 1224 358 Lm.
1285 295 1335 358 Ι.

409 374 606 448 ΙίΒτὶε
647 391 847 451 erunt
879 378 1119 448 eadem
1154 381 1379 474 aliqua
1400 433 1419 463 ‚
1445 381 1661 450 multa
1693 392 1987 466 mutata,

409 471 707 562 plurima
765 471 1078 560 adjecta,
1145 473 1374 540 omnia
1437 499 1599 544 vero
1652 472 1995 564 composi-2

407 563 584 631 tiora
605 615 623 646 ‚
667 563 769 644 et,
796 587 1006 655 ¹quam
1035 587 1159 654 nos
1190 563 1581 655 poterimuS‚
1614 563 1989 634 elaborata.

499 661 579 722 11.
638 657 1000 724 Oratorem
1057 667 1279 723 autem
1330 655 1749 724 instituimus
1792 653 1995 725 illum

405 745 822 838 perfectum,
876 745 1165 838 quiesse
1192 799 1209 832 2
1251 745 1385 814 nisi
1410 746 1516 814 vir
1560 745 1805 829 bonus,
1846 772 1995 816 non

405 849 652 928 potest.
703 837 1000 930 Ideoque
1062 862 1203 905 non
1266 837 1541 906 dicendi
1600 836 1803 906 modo
1857 837 1997 906 exi-

403 927 612 998 miam
647 929 718 998 in
756 954 836 997 eo
877 929 1305 1014 facultatem,
1342 927 1463 998 sed
1501 954 1735 998 omnes
1772 927 1993 998 enimi

403 1019 694 1089 virtutes
739 1019 1094 1111 exigimus.
1134 1027 1372 1112 Neque
1410 1019 1592 1088 enim
1639 1019 1770 1088 hoe
1824 1045 1995 1090 con-

405 1113 722 1180 cesserim
769 1164 786 1194 ‚
855 1111 1215 1206 rationem.
1271 1123 1469 1180 rectae
1550 1110 1993 1202 honestaeque

401 1204 555 1272 vitae
609 1209 734 1286 (ut
783 1201 1060 1294 quidam
1114 1210 1569 1292 putaverunt)
1621 1200 1704 1270 ad
1744 1201 1993 1293 philo-

403 1295 655 1386 sophos
711 1293 1211 1386 relegandamj
1262 1319 1416 1363 cum
1474 1292 1581 1362 vir
1652 1291 1768 1362 ille
1825 1319 1992 1364 vere

407 1387 626 1455 civilis
653 1439 671 1468 ‚
714 1399 782 1453 et
826 1385 1259 1476 publicer'um
1288 1385 1846 1476 'privatarumque
1880 1409 1992 1452 re-

404 1503 553 1546 rum
605 1475 1185 1546 administrationi
1234 1474 1781 1544 accommodatus
1807 1528 1826 1558 ,
1864 1476 1989 1566 qui

405 1593 640 1660 regere
686 1565 991 1636 consiliis
1042 1565 1291 1650 urbm,
1340 1565 1629 1638 fundare
1679 1565 1988 1670 legibuS‚

401 1659 764 1728 emendare
817 1657 1093 1746 judiciis
1150 1658 1413 1751 possit,
1463 1682 1603 1726 non
1666 1657 1839 1726 alius
1896 1657 1991 1724 sit:

401 1752 709 1842 profecto
743 1803 762 1834 ‚
812 1775 1012 1842 quam
1073 1761 1323 1818 orator.
1384 1755 1615 1836 Quare
1648 1800 1666 1831 ‚
1716 1748 1989 1818 tametsi

401 1869 506 1912 nie
549 1845 766 1912 fateor
803 1868 1082 1911 usurum
1117 1839 1525 1934 quibusdam
1566 1865 1711 1932 quae
1758 1839 1990 1930 philo-

297 1954 300 1956 ’
399 1935 774 2028 sophorum
833 1932 1026 2002 libris
1085 1930 1566 2014 eontinentur,
1628 1943 1854 1998 tamen
1904 1955 1989 1998 ea

396 2029 547 2116 jure
622 2030 914 2116 vereque
995 2023 1469 2092 contenderim
1542 2047 1684 2090 esse
1756 2022 1988 2113 operis

397 2117 616 2197 nostri
651 2170 667 2197 ,
725 2113 1137 2209 proprieque
1189 2113 1273 2181 acl
1344 2127 1560 2182 artem
1610 2112 1989 2182 oratoriam

397 2208 764 2300 pertinere.
812 2211 968 2288 An,
1017 2205 1072 2274 si
1124 2205 1669 2296 frequentissime
1716 2203 1801 2272 de
1842 2207 1993 2292 jus-

395 2299 552 2368 titia
584 2351 602 2382 ‚
654 2297 1060 2379 fortitudine
1089 2349 1108 2380 ‚
1157 2296 1609 2388 temperantia
1636 2348 1655 2378 ‚
1688 2296 1987 2364 caeteris-

395 2417 528 2482 que
579 2388 915 2459 similibus
951 2389 1038 2456 sit
1079 2387 1609 2471 disserendum„¹
1644 2399 1711 2456 et
1757 2385 1929 2455 adeo
1964 2439 1991 2474 ,

367 2496 477 2550 «ut
509 2482 620 2552 vix
657 2480 793 2550 ulla
843 2480 1055 2572 possit
1089 2505 1297 2548 causa
1330 2478 1655 2570 reperiri,
1713 2478 1783 2547 in
1841 2503 1989 2571 qua·

390 2599 537 2662 non¹
589 2573 816 2664 aliqua
848 2572 1129 2662 quaestio
1176 2597 1255 2638 ex
1288 2569 1393 2638 his
1430 2568 1728 2654 incidat,
1762 2587 1985 2662 eaque
2015 2623 2023 2636 ,

396 2664 625 2734 omnia
667 2668 1029 2733 inventione
1065 2674 1267 2754 atque
1306 2659 1672 2730 elocutione
1702 2661 1841 2730 sint
1874 2661 2002 2732 ex·-

394 2755 714 2850 plieanda
738 2808 755 2838 .,
789 2753 1221 2834 dubitabit-ui·
1244 2807 1261 2836 ‚
1308 2751 1702 2845 ubicunque
1742 2751 1843 2823 vis
1878 2752 1986 2822 in-

395 2848 580 2942 genii
633 2859 702 2914 et
767 2845 962 2938 copia
1007 2844 1303 2914 ⁴dicendi
1374 2844 1813 2938 postulatur,
1876 2843 1982 2914 ibi

390 2953 618 3034 partes
659 2937 952 3007 oratoris
996 2963 1138 3006 esse
1172 2937 1545 3028 praecipuas
1579 2941 1987 3006 ?Fuerunt-

391 3059 525 3126 que
556 3031 720 3114 haec,
753 3041 826 3099 ut
844 3027 1082 3098 Cicero
1109 3033 1213 3116 (1)
1235 3027 1653 3120 apertissime
1688 3025 1979 3118 colligit,

391 3119 966 3216 quemadmodum
1015 3124 1249 3206 juncta
1294 3131 1574 3201 natura,
1610 3117 1713 3186 sie
1745 3119 1978 3204 officio

368 3239 664 3308 ,quoque
735 3210 1104 3304 copulata,
1160 3223 1236 3279 ut
1305 3208 1514 3292 iidem
1580 3209 1919 3302 sepientes
1958 3261 1979 3296 ‚

462 3353 572 3420 (ι)
619 3354 648 3400 3
687 3353 748 3401 de
780 3350 938 3403 l’Orat
966 3351 1201 3406 56-62
1240 3365 1289 3404 et
1318 3368 1407 3421 γι,
1448 3351 1510 3418 73
1541 3362 1589 3400 et
1636 3366 1764 3418 107,-
1799 3350 1893 3405 108
1926 3363 1984 3410 set

399 3439 493 3473 ως».
517 3459 534 3485 ‚
580 3417 692 3468 123.
