<?xml version="1.0" encoding="UTF-8"?>
<!DOCTYPE html PUBLIC "-//W3C//DTD XHTML 1.0 Transitional//EN"
    "http://www.w3.org/TR/xhtml1/DTD/xhtml1-transitional.dtd">
<html xmlns="http://www.w3.org/1999/xhtml" xml:lang="en" lang="en">
 <head>
  <title>
</title>
<meta http-equiv="Content-Type" content="text/html;charset=utf-8" />
  <meta name='ocr-system' content='tesseract 3.04.00' />
  <meta name='ocr-capabilities' content='ocr_page ocr_carea ocr_par ocr_line ocrx_word'/>
</head>
<body>
  <div class='ocr_page' id='page_1' title='image "./mfabiiquintilia20quingoog_0169.png"; bbox 0 0 2175 3809; ppageno 0'>
   <div class='ocr_carea' id='block_1_1' title="bbox 116 265 1760 3480">
    <p class='ocr_par' dir='ltr' id='par_1_1' title="bbox 116 265 1756 2554">
     <span class='ocr_line' id='line_1_1' title="bbox 427 265 1728 338; baseline -0.002 0"><span class='ocrx_word' id='word_1_1' title='bbox 427 265 555 338; x_wconf 67' lang='lat' dir='ltr'><strong>&#39;An</strong></span> <span class='ocrx_word' id='word_1_2' title='bbox 602 291 899 338; x_wconf 70' lang='lat' dir='ltr'><strong>unns</strong></span> <span class='ocrx_word' id='word_1_3' title='bbox 946 270 1490 337; x_wconf 65' lang='lat' dir='ltr'><strong>Rmsronxcn.</strong></span> <span class='ocrx_word' id='word_1_4' title='bbox 1609 291 1728 336; x_wconf 81' lang='lat'><strong>121</strong></span> 
     </span>
     <span class='ocr_line' id='line_1_2' title="bbox 167 357 1745 456; baseline -0.001 -24"><span class='ocrx_word' id='word_1_5' title='bbox 167 372 223 438; x_wconf 79' lang='lat' dir='ltr'><strong>et</strong></span> <span class='ocrx_word' id='word_1_6' title='bbox 264 361 489 456; x_wconf 85' lang='lat' dir='ltr'><strong>pasci,</strong></span> <span class='ocrx_word' id='word_1_7' title='bbox 526 374 595 429; x_wconf 86' lang='lat' dir='ltr'><strong>et</strong></span> <span class='ocrx_word' id='word_1_8' title='bbox 644 373 914 428; x_wconf 79' lang='lat' dir='ltr'><strong>tranare</strong></span> <span class='ocrx_word' id='word_1_9' title='bbox 952 383 1162 450; x_wconf 89' lang='lat' dir='ltr'><strong>aquas</strong></span> <span class='ocrx_word' id='word_1_10' title='bbox 1195 411 1214 442; x_wconf 86' lang='lat'><strong>‚</strong></span> <span class='ocrx_word' id='word_1_11' title='bbox 1267 359 1438 428; x_wconf 88' lang='lat' dir='ltr'><strong>cit-ra</strong></span> <span class='ocrx_word' id='word_1_12' title='bbox 1491 357 1745 432; x_wconf 75' lang='lat' dir='ltr'><strong>docen-</strong></span> 
     </span>
     <span class='ocr_line' id='line_1_3' title="bbox 166 449 1748 542; baseline -0.003 -19"><span class='ocrx_word' id='word_1_13' title='bbox 166 467 323 536; x_wconf 82' lang='lat' dir='ltr'><strong>tem,</strong></span> <span class='ocrx_word' id='word_1_14' title='bbox 360 465 612 522; x_wconf 86' lang='lat' dir='ltr'><strong>natura</strong></span> <span class='ocrx_word' id='word_1_15' title='bbox 647 451 791 542; x_wconf 86' lang='lat' dir='ltr'><strong>ipsa</strong></span> <span class='ocrx_word' id='word_1_16' title='bbox 825 449 1072 519; x_wconf 88' lang='lat' dir='ltr'><strong>sciunt.</strong></span> <span class='ocrx_word' id='word_1_17' title='bbox 1105 455 1193 518; x_wconf 88' lang='lat' dir='ltr'><strong>Et</strong></span> <span class='ocrx_word' id='word_1_18' title='bbox 1227 449 1552 542; x_wconf 82' lang='lat' dir='ltr'><strong>pleraque</strong></span> <span class='ocrx_word' id='word_1_19' title='bbox 1582 476 1748 519; x_wconf 81' lang='lat' dir='ltr'><strong>con-</strong></span> 
     </span>
     <span class='ocr_line' id='line_1_4' title="bbox 165 541 1749 632; baseline -0.001 -20"><span class='ocrx_word' id='word_1_20' title='bbox 165 557 259 614; x_wconf 83' lang='lat' dir='ltr'><strong>tra</strong></span> <span class='ocrx_word' id='word_1_21' title='bbox 286 545 373 616; x_wconf 83' lang='lat' dir='ltr'><strong>fri</strong></span> <span class='ocrx_word' id='word_1_22' title='bbox 432 569 511 613; x_wconf 92' lang='lat' dir='ltr'><strong>us</strong></span> <span class='ocrx_word' id='word_1_23' title='bbox 543 569 623 611; x_wconf 82' lang='lat' dir='ltr'><strong>ex</strong></span> <span class='ocrx_word' id='word_1_24' title='bbox 671 567 796 610; x_wconf 89' lang='lat' dir='ltr'><strong>suo</strong></span> <span class='ocrx_word' id='word_1_25' title='bbox 850 565 1137 632; x_wconf 87' lang='lat' dir='ltr'><strong>corpore</strong></span> <span class='ocrx_word' id='word_1_26' title='bbox 1191 541 1618 626; x_wconf 79' lang='lat' dir='ltr'><strong>vestiuntur,</strong></span> <span class='ocrx_word' id='word_1_27' title='bbox 1677 554 1749 611; x_wconf 82' lang='lat' dir='ltr'><strong>et</strong></span> 
     </span>
     <span class='ocr_line' id='line_1_5' title="bbox 168 570 1750 726; baseline 0 -22"><span class='ocrx_word' id='word_1_28' title='bbox 168 661 341 706; x_wconf 86' lang='lat' dir='ltr'><strong>arma</strong></span> <span class='ocrx_word' id='word_1_29' title='bbox 382 570 511 703; x_wconf 53' lang='lat' dir='ltr'><strong>fiis</strong></span> <span class='ocrx_word' id='word_1_30' title='bbox 546 633 855 726; x_wconf 85' lang='lat' dir='ltr'><strong>ingenita</strong></span> <span class='ocrx_word' id='word_1_31' title='bbox 904 631 1250 726; x_wconf 67' lang='lat' dir='ltr'><strong>quaedam,</strong></span> <span class='ocrx_word' id='word_1_32' title='bbox 1285 646 1356 702; x_wconf 86' lang='lat' dir='ltr'><strong>et</strong></span> <span class='ocrx_word' id='word_1_33' title='bbox 1401 659 1484 706; x_wconf 76' lang='lat' dir='ltr'><strong>ex</strong></span> <span class='ocrx_word' id='word_1_34' title='bbox 1539 632 1750 705; x_wconf 83' lang='lat' dir='ltr'><strong>obvio</strong></span> 
     </span>
     <span class='ocr_line' id='line_1_6' title="bbox 166 723 1754 817; baseline -0.001 -21"><span class='ocrx_word' id='word_1_35' title='bbox 166 725 303 798; x_wconf 73' lang='lat' dir='ltr'><strong>fere.</strong></span> <span class='ocrx_word' id='word_1_36' title='bbox 331 726 553 796; x_wconf 88' lang='lat' dir='ltr'><strong>victus</strong></span> <span class='ocrx_word' id='word_1_37' title='bbox 589 751 605 793; x_wconf 70' lang='grc' dir='ltr'>ε</span> <span class='ocrx_word' id='word_1_38' title='bbox 644 724 825 794; x_wconf 90' lang='lat' dir='ltr'><strong>circa</strong></span> <span class='ocrx_word' id='word_1_39' title='bbox 868 723 1278 817; x_wconf 76' lang='lat' dir='ltr'><strong>quae‘omnia</strong></span> <span class='ocrx_word' id='word_1_40' title='bbox 1325 723 1578 813; x_wconf 81' lang='lat' dir='ltr'><strong>multus</strong></span> <span class='ocrx_word' id='word_1_41' title='bbox 1621 723 1754 795; x_wconf 90' lang='lat' dir='ltr'><strong>ho·-</strong></span> 
     </span>
     <span class='ocr_line' id='line_1_7' title="bbox 168 815 1752 908; baseline 0 -22"><span class='ocrx_word' id='word_1_42' title='bbox 168 817 455 896; x_wconf 81' lang='lat' dir='ltr'><strong>minibus</strong></span> <span class='ocrx_word' id='word_1_43' title='bbox 503 815 701 884; x_wconf 79' lang='lat' dir='ltr'><strong>labor</strong></span> <span class='ocrx_word' id='word_1_44' title='bbox 749 827 871 886; x_wconf 87' lang='lat' dir='ltr'><strong>est.</strong></span> <span class='ocrx_word' id='word_1_45' title='bbox 924 815 1294 886; x_wconf 79' lang='lat' dir='ltr'><strong>Rationem</strong></span> <span class='ocrx_word' id='word_1_46' title='bbox 1338 815 1552 908; x_wconf 85' lang='lat' dir='ltr'><strong>igitur</strong></span> <span class='ocrx_word' id='word_1_47' title='bbox 1605 841 1752 886; x_wconf 89' lang='lat' dir='ltr'><strong>no-</strong></span> 
     </span>
     <span class='ocr_line' id='line_1_8' title="bbox 168 905 1750 1004; baseline -0.001 -25"><span class='ocrx_word' id='word_1_48' title='bbox 168 907 261 980; x_wconf 88' lang='lat' dir='ltr'><strong>bis</strong></span> <span class='ocrx_word' id='word_1_49' title='bbox 295 907 713 1004; x_wconf 84' lang='lat' dir='ltr'><strong>praecipuam</strong></span> <span class='ocrx_word' id='word_1_50' title='bbox 748 905 937 976; x_wconf 83' lang='lat' dir='ltr'><strong>dedit</strong></span> <span class='ocrx_word' id='word_1_51' title='bbox 966 960 986 990; x_wconf 80' lang='lat'>‚</span> <span class='ocrx_word' id='word_1_52' title='bbox 1018 911 1300 1000; x_wconf 87' lang='lat' dir='ltr'><strong>ejusque</strong></span> <span class='ocrx_word' id='word_1_53' title='bbox 1358 934 1482 976; x_wconf 88' lang='lat' dir='ltr'><strong>nos</strong></span> <span class='ocrx_word' id='word_1_54' title='bbox 1527 909 1750 978; x_wconf 79' lang='lat' dir='ltr'><strong>soci-os</strong></span> 
     </span>
     <span class='ocr_line' id='line_1_9' title="bbox 172 997 1752 1092; baseline 0.003 -24"><span class='ocrx_word' id='word_1_55' title='bbox 172 1025 298 1070; x_wconf 87' lang='lat' dir='ltr'><strong>esse</strong></span> <span class='ocrx_word' id='word_1_56' title='bbox 353 1025 511 1092; x_wconf 74' lang='lat' dir='ltr'><strong>cum</strong></span> <span class='ocrx_word' id='word_1_57' title='bbox 566 997 701 1068; x_wconf 88' lang='lat' dir='ltr'><strong>diis</strong></span> <span class='ocrx_word' id='word_1_58' title='bbox 761 997 1263 1068; x_wconf 77' lang='lat' dir='ltr'><strong>immortalibus</strong></span> <span class='ocrx_word' id='word_1_59' title='bbox 1313 999 1556 1067; x_wconf 63' lang='lat' dir='ltr'><strong>voluit.</strong></span> <span class='ocrx_word' id='word_1_60' title='bbox 1613 998 1752 1072; x_wconf 79' lang='lat' dir='ltr'><strong>Sed</strong></span> 
     </span>
     <span class='ocr_line' id='line_1_10' title="bbox 172 1090 1748 1184; baseline 0 -24"><span class='ocrx_word' id='word_1_61' title='bbox 172 1090 303 1184; x_wconf 88' lang='lat' dir='ltr'><strong>ipsa</strong></span> <span class='ocrx_word' id='word_1_62' title='bbox 337 1090 515 1160; x_wconf 82' lang='lat' dir='ltr'><strong>ratio</strong></span> <span class='ocrx_word' id='word_1_63' title='bbox 550 1115 773 1183; x_wconf 86' lang='lat' dir='ltr'><strong>neque</strong></span> <span class='ocrx_word' id='word_1_64' title='bbox 808 1103 944 1158; x_wconf 83' lang='lat' dir='ltr'><strong>tam</strong></span> <span class='ocrx_word' id='word_1_65' title='bbox 1000 1115 1123 1158; x_wconf 90' lang='lat' dir='ltr'><strong>nos</strong></span> <span class='ocrx_word' id='word_1_66' title='bbox 1181 1095 1446 1178; x_wconf 84' lang='lat' dir='ltr'><strong>juvaret</strong></span> <span class='ocrx_word' id='word_1_67' title='bbox 1469 1143 1486 1174; x_wconf 85' lang='lat'>,</span> <span class='ocrx_word' id='word_1_68' title='bbox 1522 1115 1748 1182; x_wconf 76' lang='lat' dir='ltr'><strong>neque</strong></span> 
     </span>
     <span class='ocr_line' id='line_1_11' title="bbox 172 1179 1750 1273; baseline -0.001 -23"><span class='ocrx_word' id='word_1_69' title='bbox 172 1194 297 1252; x_wconf 89' lang='lat' dir='ltr'><strong>tam</strong></span> <span class='ocrx_word' id='word_1_70' title='bbox 340 1194 518 1252; x_wconf 89' lang='lat' dir='ltr'><strong>esset</strong></span> <span class='ocrx_word' id='word_1_71' title='bbox 562 1182 640 1250; x_wconf 87' lang='lat' dir='ltr'><strong>in</strong></span> <span class='ocrx_word' id='word_1_72' title='bbox 692 1181 892 1250; x_wconf 87' lang='lat' dir='ltr'><strong>nobis</strong></span> <span class='ocrx_word' id='word_1_73' title='bbox 933 1179 1340 1262; x_wconf 82' lang='lat' dir='ltr'><strong>manifesta,</strong></span> <span class='ocrx_word' id='word_1_74' title='bbox 1373 1180 1549 1265; x_wconf 82' lang='lat' dir='ltr'><strong>nisi,</strong></span> <span class='ocrx_word' id='word_1_75' title='bbox 1598 1207 1750 1273; x_wconf 80' lang='lat' dir='ltr'><strong>quae</strong></span> 
     </span>
     <span class='ocr_line' id='line_1_12' title="bbox 173 1271 1752 1364; baseline -0.002 -22"><span class='ocrx_word' id='word_1_76' title='bbox 173 1275 703 1364; x_wconf 86' lang='lat' dir='ltr'><strong>concepissemus</strong></span> <span class='ocrx_word' id='word_1_77' title='bbox 734 1287 963 1342; x_wconf 85' lang='lat' dir='ltr'><strong>mente</strong></span> <span class='ocrx_word' id='word_1_78' title='bbox 989 1325 1007 1354; x_wconf 89' lang='lat'>,</span> <span class='ocrx_word' id='word_1_79' title='bbox 1066 1297 1376 1364; x_wconf 79' lang='lat' dir='ltr'><strong>promere</strong></span> <span class='ocrx_word' id='word_1_80' title='bbox 1407 1271 1612 1342; x_wconf 85' lang='lat' dir='ltr'><strong>etiam</strong></span> <span class='ocrx_word' id='word_1_81' title='bbox 1647 1271 1752 1340; x_wconf 92' lang='lat' dir='ltr'><strong>lo·-</strong></span> 
     </span>
     <span class='ocr_line' id='line_1_13' title="bbox 173 1361 1754 1522; baseline 0 -88"><span class='ocrx_word' id='word_1_82' title='bbox 173 1365 435 1457; x_wconf 81' lang='lat' dir='ltr'><strong>quendo</strong></span> <span class='ocrx_word' id='word_1_83' title='bbox 468 1389 817 1458; x_wconf 82' lang='lat' dir='ltr'><strong>possemus</strong></span> <span class='ocrx_word' id='word_1_84' title='bbox 847 1391 862 1432; x_wconf 71' lang='grc' dir='ltr'><em>τ</em></span> <span class='ocrx_word' id='word_1_85' title='bbox 891 1362 1074 1456; x_wconf 90' lang='lat' dir='ltr'><strong>quod</strong></span> <span class='ocrx_word' id='word_1_86' title='bbox 1103 1361 1586 1522; x_wconf 40' lang='lat' dir='ltr'><strong>mapisdeesse</strong></span> <span class='ocrx_word' id='word_1_87' title='bbox 1624 1390 1754 1434; x_wconf 78' lang='lat' dir='ltr'><strong>cae-</strong></span> 
     </span>
     <span class='ocr_line' id='line_1_14' title="bbox 170 1454 1742 1548; baseline 0 -24"><span class='ocrx_word' id='word_1_88' title='bbox 170 1457 321 1524; x_wconf 86' lang='lat' dir='ltr'><strong>teris</strong></span> <span class='ocrx_word' id='word_1_89' title='bbox 352 1455 801 1538; x_wconf 64' lang='lat' dir='ltr'><strong>animalihu54</strong></span> <span class='ocrx_word' id='word_1_90' title='bbox 833 1481 1035 1548; x_wconf 89' lang='lat' dir='ltr'><strong>quam</strong></span> <span class='ocrx_word' id='word_1_91' title='bbox 1072 1454 1214 1528; x_wconf 82' lang='lat' dir='ltr'><strong>inte</strong></span> <span class='ocrx_word' id='word_1_92' title='bbox 1251 1454 1500 1524; x_wconf 79' lang='lat' dir='ltr'><strong>lectum</strong></span> <span class='ocrx_word' id='word_1_93' title='bbox 1533 1468 1601 1525; x_wconf 79' lang='lat' dir='ltr'><strong>et</strong></span> <span class='ocrx_word' id='word_1_94' title='bbox 1635 1461 1742 1541; x_wconf 90' lang='lat'><strong>(1)</strong></span> 
     </span>
     <span class='ocr_line' id='line_1_15' title="bbox 174 1545 1748 1640; baseline 0.002 -26"><span class='ocrx_word' id='word_1_95' title='bbox 174 1547 649 1640; x_wconf 78' lang='lat' dir='ltr'><strong>cogitationem</strong></span> <span class='ocrx_word' id='word_1_96' title='bbox 693 1545 1039 1640; x_wconf 82' lang='lat' dir='ltr'><strong>quan&#39;dam</strong></span> <span class='ocrx_word' id='word_1_97' title='bbox 1075 1545 1406 1616; x_wconf 86' lang='lat' dir='ltr'><strong>videmus.</strong></span> <span class='ocrx_word' id='word_1_98' title='bbox 1455 1553 1630 1617; x_wconf 87' lang='lat' dir='ltr'><strong>Nam</strong></span> <span class='ocrx_word' id='word_1_99' title='bbox 1676 1560 1748 1618; x_wconf 82' lang='lat' dir='ltr'><strong>et</strong></span> 
     </span>
     <span class='ocr_line' id='line_1_16' title="bbox 174 1637 1750 1722; baseline 0.001 -16"><span class='ocrx_word' id='word_1_100' title='bbox 174 1639 383 1708; x_wconf 87' lang='lat' dir='ltr'><strong>moliri</strong></span> <span class='ocrx_word' id='word_1_101' title='bbox 420 1637 679 1708; x_wconf 85' lang='lat' dir='ltr'><strong>cubilia</strong></span> <span class='ocrx_word' id='word_1_102' title='bbox 704 1691 722 1721; x_wconf 91' lang='lat'><strong>,</strong></span> <span class='ocrx_word' id='word_1_103' title='bbox 760 1651 827 1707; x_wconf 89' lang='lat' dir='ltr'><strong>et</strong></span> <span class='ocrx_word' id='word_1_104' title='bbox 861 1637 1061 1706; x_wconf 84' lang='lat' dir='ltr'><strong>nidos</strong></span> <span class='ocrx_word' id='word_1_105' title='bbox 1111 1650 1372 1722; x_wconf 83' lang='lat' dir='ltr'><strong>texere,</strong></span> <span class='ocrx_word' id='word_1_106' title='bbox 1441 1651 1508 1707; x_wconf 89' lang='lat' dir='ltr'><strong>et</strong></span> <span class='ocrx_word' id='word_1_107' title='bbox 1561 1639 1750 1708; x_wconf 90' lang='lat' dir='ltr'><strong>edu-</strong></span> 
     </span>
     <span class='ocr_line' id='line_1_17' title="bbox 173 1729 1750 1820; baseline 0 -22"><span class='ocrx_word' id='word_1_108' title='bbox 173 1753 313 1800; x_wconf 85' lang='lat' dir='ltr'><strong>care</strong></span> <span class='ocrx_word' id='word_1_109' title='bbox 346 1731 584 1813; x_wconf 79' lang='lat' dir='ltr'><strong>foetus,</strong></span> <span class='ocrx_word' id='word_1_110' title='bbox 618 1743 685 1799; x_wconf 88' lang='lat' dir='ltr'><strong>et</strong></span> <span class='ocrx_word' id='word_1_111' title='bbox 716 1729 1075 1799; x_wconf 75' lang='lat' dir='ltr'><strong>excludere</strong></span> <span class='ocrx_word' id='word_1_112' title='bbox 1104 1781 1123 1816; x_wconf 82' lang='lat'>‚</span> <span class='ocrx_word' id='word_1_113' title='bbox 1167 1729 1336 1820; x_wconf 88' lang='lat' dir='ltr'><strong>quin</strong></span> <span class='ocrx_word' id='word_1_114' title='bbox 1379 1729 1584 1798; x_wconf 88' lang='lat' dir='ltr'><strong>etiam</strong></span> <span class='ocrx_word' id='word_1_115' title='bbox 1609 1756 1750 1806; x_wconf 65' lang='lat' dir='ltr'><strong>,re-</strong></span> 
     </span>
     <span class='ocr_line' id='line_1_18' title="bbox 171 1812 1752 1912; baseline -0.001 -24"><span class='ocrx_word' id='word_1_116' title='bbox 171 1846 413 1912; x_wconf 80' lang='lat' dir='ltr'><strong>ponere</strong></span> <span class='ocrx_word' id='word_1_117' title='bbox 452 1822 524 1890; x_wconf 89' lang='lat' dir='ltr'><strong>in</strong></span> <span class='ocrx_word' id='word_1_118' title='bbox 562 1819 853 1892; x_wconf 86' lang='lat' dir='ltr'><strong>hiemem</strong></span> <span class='ocrx_word' id='word_1_119' title='bbox 880 1812 1267 1900; x_wconf 55' lang='lat' dir='ltr'><strong>‘alimentffi</strong></span> <span class='ocrx_word' id='word_1_120' title='bbox 1315 1845 1521 1910; x_wconf 89' lang='lat' dir='ltr'><strong>opera</strong></span> <span class='ocrx_word' id='word_1_121' title='bbox 1567 1846 1752 1912; x_wconf 77' lang='lat' dir='ltr'><strong>quae-</strong></span> 
     </span>
     <span class='ocr_line' id='line_1_19' title="bbox 174 1908 1755 2002; baseline 0 -23"><span class='ocrx_word' id='word_1_122' title='bbox 174 1911 337 1982; x_wconf 57' lang='lat' dir='ltr'><strong>dam⁴</strong></span> <span class='ocrx_word' id='word_1_123' title='bbox 374 1912 580 1986; x_wconf 85' lang='lat' dir='ltr'><strong>nobis</strong></span> <span class='ocrx_word' id='word_1_124' title='bbox 637 1911 1116 1995; x_wconf 85' lang='lat' dir='ltr'><strong>inimitabilia,</strong></span> <span class='ocrx_word' id='word_1_125' title='bbox 1161 1908 1392 2002; x_wconf 88' lang='lat' dir='ltr'><strong>qualia</strong></span> <span class='ocrx_word' id='word_1_126' title='bbox 1433 1923 1591 1978; x_wconf 88' lang='lat' dir='ltr'><strong>sunt</strong></span> <span class='ocrx_word' id='word_1_127' title='bbox 1637 1936 1755 1979; x_wconf 86' lang='lat' dir='ltr'><strong>ce-</strong></span> 
     </span>
     <span class='ocr_line' id='line_1_20' title="bbox 174 1999 1752 2090; baseline 0.001 -20"><span class='ocrx_word' id='word_1_128' title='bbox 174 2029 389 2074; x_wconf 82' lang='lat' dir='ltr'><strong>rarum</strong></span> <span class='ocrx_word' id='word_1_129' title='bbox 420 2016 491 2074; x_wconf 83' lang='lat' dir='ltr'><strong>et</strong></span> <span class='ocrx_word' id='word_1_130' title='bbox 530 2003 751 2076; x_wconf 87' lang='lat' dir='ltr'><strong>mellis</strong></span> <span class='ocrx_word' id='word_1_131' title='bbox 772 2057 791 2090; x_wconf 88' lang='lat'><strong>.,</strong></span> <span class='ocrx_word' id='word_1_132' title='bbox 832 2005 1100 2075; x_wconf 80' lang='lat' dir='ltr'><strong>efficere</strong></span> <span class='ocrx_word' id='word_1_133' title='bbox 1129 2055 1146 2090; x_wconf 83' lang='lat'><strong>‚</strong></span> <span class='ocrx_word' id='word_1_134' title='bbox 1175 1999 1582 2070; x_wconf 88' lang='lat' dir='ltr'><strong>nonnullius</strong></span> <span class='ocrx_word' id='word_1_135' title='bbox 1615 2001 1752 2072; x_wconf 84' lang='lat' dir='ltr'><strong>for-</strong></span> 
     </span>
     <span class='ocr_line' id='line_1_21' title="bbox 172 2093 1752 2188; baseline -0.001 -24"><span class='ocrx_word' id='word_1_136' title='bbox 172 2106 335 2166; x_wconf 81' lang='lat' dir='ltr'><strong>tasse</strong></span> <span class='ocrx_word' id='word_1_137' title='bbox 370 2095 661 2166; x_wconf 86' lang='lat' dir='ltr'><strong>rationis</strong></span> <span class='ocrx_word' id='word_1_138' title='bbox 711 2109 855 2165; x_wconf 84' lang='lat' dir='ltr'><strong>est:</strong></span> <span class='ocrx_word' id='word_1_139' title='bbox 907 2093 1066 2179; x_wconf 87' lang='lat' dir='ltr'><strong>sed,</strong></span> <span class='ocrx_word' id='word_1_140' title='bbox 1103 2097 1264 2188; x_wconf 89' lang='lat' dir='ltr'><strong>quia</strong></span> <span class='ocrx_word' id='word_1_141' title='bbox 1327 2105 1562 2162; x_wconf 81' lang='lat' dir='ltr'><strong>carent</strong></span> <span class='ocrx_word' id='word_1_142' title='bbox 1608 2119 1752 2162; x_wconf 82' lang='lat' dir='ltr'><strong>ser-</strong></span> 
     </span>
     <span class='ocr_line' id='line_1_22' title="bbox 176 2185 1750 2293; baseline -0.001 -37"><span class='ocrx_word' id='word_1_143' title='bbox 176 2210 403 2272; x_wconf 79' lang='lat' dir='ltr'><strong>mone,</strong></span> <span class='ocrx_word' id='word_1_144' title='bbox 434 2213 583 2293; x_wconf 83' lang='lat' dir='ltr'><strong>quae</strong></span> <span class='ocrx_word' id='word_1_145' title='bbox 626 2185 696 2256; x_wconf 87' lang='lat' dir='ltr'><strong>id</strong></span> <span class='ocrx_word' id='word_1_146' title='bbox 732 2187 1037 2271; x_wconf 83' lang='lat' dir='ltr'><strong>faciunt,</strong></span> <span class='ocrx_word' id='word_1_147' title='bbox 1072 2199 1260 2255; x_wconf 91' lang='lat' dir='ltr'><strong>muta</strong></span> <span class='ocrx_word' id='word_1_148' title='bbox 1312 2197 1514 2277; x_wconf 84' lang='lat' dir='ltr'><strong>atque</strong></span> <span class='ocrx_word' id='word_1_149' title='bbox 1550 2185 1750 2256; x_wconf 78' lang='lat' dir='ltr'><strong>&#39;irra-</strong></span> 
     </span>
     <span class='ocr_line' id='line_1_23' title="bbox 174 2275 1756 2370; baseline 0.003 -24"><span class='ocrx_word' id='word_1_150' title='bbox 174 2275 530 2367; x_wconf 62' lang='lat' dir='ltr'><strong>tionabilia</strong></span> <span class='ocrx_word' id='word_1_151' title='bbox 576 2291 931 2349; x_wconf 82' lang='lat' dir='ltr'><strong>vocantur.</strong></span> <span class='ocrx_word' id='word_1_152' title='bbox 988 2278 1310 2370; x_wconf 89' lang='lat' dir='ltr'><strong>Denique</strong></span> <span class='ocrx_word' id='word_1_153' title='bbox 1363 2275 1676 2350; x_wconf 86' lang='lat' dir='ltr'><strong>homines</strong></span> <span class='ocrx_word' id='word_1_154' title='bbox 1725 2329 1756 2362; x_wconf 65' lang='lat' dir='ltr'><em>v</em></span> 
     </span>
     <span class='ocr_line' id='line_1_24' title="bbox 116 2367 1752 2462; baseline 0.002 -26"><span class='ocrx_word' id='word_1_155' title='bbox 116 2401 119 2404; x_wconf 46' lang='lat'><strong>⁴</strong></span> <span class='ocrx_word' id='word_1_156' title='bbox 177 2368 415 2461; x_wconf 87' lang='lat' dir='ltr'><strong>quibus</strong></span> <span class='ocrx_word' id='word_1_157' title='bbox 450 2383 697 2462; x_wconf 82' lang='lat' dir='ltr'><strong>negata</strong></span> <span class='ocrx_word' id='word_1_158' title='bbox 730 2367 857 2439; x_wconf 79' lang='lat' dir='ltr'><strong>vox</strong></span> <span class='ocrx_word' id='word_1_159' title='bbox 907 2382 1049 2452; x_wconf 86' lang='lat' dir='ltr'><strong>est,</strong></span> <span class='ocrx_word' id='word_1_160' title='bbox 1087 2367 1506 2462; x_wconf 83' lang='lat' dir='ltr'><strong>quantulum</strong></span> <span class='ocrx_word' id='word_1_161' title='bbox 1553 2369 1752 2460; x_wconf 76' lang='lat' dir='ltr'><strong>adju-</strong></span> 
     </span>
     <span class='ocr_line' id='line_1_25' title="bbox 176 2459 1586 2554; baseline 0.001 -22"><span class='ocrx_word' id='word_1_162' title='bbox 176 2473 279 2532; x_wconf 83' lang='lat' dir='ltr'><strong>vat</strong></span> <span class='ocrx_word' id='word_1_163' title='bbox 312 2461 581 2531; x_wconf 88' lang='lat' dir='ltr'><strong>animus</strong></span> <span class='ocrx_word' id='word_1_164' title='bbox 616 2459 731 2554; x_wconf 86' lang='lat' dir='ltr'><strong>ille</strong></span> <span class='ocrx_word' id='word_1_165' title='bbox 759 2459 1047 2532; x_wconf 76' lang='lat' dir='ltr'><strong>coelestis</strong></span> <span class='ocrx_word' id='word_1_166' title='bbox 1074 2469 1100 2532; x_wconf 71' lang='lat' dir='ltr'><strong>‘t’</strong></span> <span class='ocrx_word' id='word_1_167' title='bbox 1562 2459 1586 2470; x_wconf 64' lang='grc'>”</span> 
     </span>
    </p>

    <p class='ocr_par' dir='ltr' id='par_1_2' title="bbox 116 2549 1760 3379">
     <span class='ocr_line' id='line_1_26' title="bbox 266 2549 1753 2642; baseline -0.001 -20"><span class='ocrx_word' id='word_1_168' title='bbox 266 2559 495 2642; x_wconf 83' lang='lat' dir='ltr'><strong>Quare</strong></span> <span class='ocrx_word' id='word_1_169' title='bbox 521 2601 556 2639; x_wconf 58' lang='lat'><strong>‚‹</strong></span> <span class='ocrx_word' id='word_1_170' title='bbox 588 2553 642 2622; x_wconf 86' lang='lat' dir='ltr'><strong>si</strong></span> <span class='ocrx_word' id='word_1_171' title='bbox 680 2553 856 2622; x_wconf 90' lang='lat' dir='ltr'><strong>nihil</strong></span> <span class='ocrx_word' id='word_1_172' title='bbox 885 2551 1091 2627; x_wconf 70' lang='lat' dir='ltr'><strong>assdiis</strong></span> <span class='ocrx_word' id='word_1_173' title='bbox 1138 2549 1450 2621; x_wconf 84' lang='lat' dir='ltr'><strong>oratione</strong></span> <span class='ocrx_word' id='word_1_174' title='bbox 1504 2551 1753 2635; x_wconf 79' lang='lat' dir='ltr'><strong>melius</strong></span> 
     </span>
     <span class='ocr_line' id='line_1_27' title="bbox 116 2641 1754 2738; baseline 0.001 -26"><span class='ocrx_word' id='word_1_175' title='bbox 116 2659 123 2676; x_wconf 72' lang='lat'><strong><em>³</em></strong></span> <span class='ocrx_word' id='word_1_176' title='bbox 180 2644 603 2738; x_wconf 86' lang='lat' dir='ltr'><strong>accepimus,</strong></span> <span class='ocrx_word' id='word_1_177' title='bbox 643 2644 813 2737; x_wconf 90' lang='lat' dir='ltr'><strong>quid</strong></span> <span class='ocrx_word' id='word_1_178' title='bbox 866 2657 1023 2715; x_wconf 59' lang='lat' dir='ltr'><strong>tam‘</strong></span> <span class='ocrx_word' id='word_1_179' title='bbox 1065 2642 1353 2734; x_wconf 82' lang='lat' dir='ltr'><strong>dignum</strong></span> <span class='ocrx_word' id='word_1_180' title='bbox 1412 2641 1604 2714; x_wconf 88' lang='lat' dir='ltr'><strong>cultu</strong></span> <span class='ocrx_word' id='word_1_181' title='bbox 1671 2669 1754 2732; x_wconf 85' lang='lat' dir='ltr'><strong>ac</strong></span> 
     </span>
     <span class='ocr_line' id='line_1_28' title="bbox 180 2733 1752 2826; baseline -0.001 -22"><span class='ocrx_word' id='word_1_182' title='bbox 180 2733 406 2806; x_wconf 89' lang='lat' dir='ltr'><strong>labore</strong></span> <span class='ocrx_word' id='word_1_183' title='bbox 476 2735 845 2820; x_wconf 78' lang='lat' dir='ltr'><strong>ducamus,</strong></span> <span class='ocrx_word' id='word_1_184' title='bbox 902 2749 1035 2806; x_wconf 87' lang='lat' dir='ltr'><strong>aut·</strong></span> <span class='ocrx_word' id='word_1_185' title='bbox 1083 2733 1154 2804; x_wconf 89' lang='lat' dir='ltr'><strong>in</strong></span> <span class='ocrx_word' id='word_1_186' title='bbox 1223 2759 1362 2826; x_wconf 90' lang='lat' dir='ltr'><strong>quo</strong></span> <span class='ocrx_word' id='word_1_187' title='bbox 1433 2734 1752 2804; x_wconf 87' lang='lat' dir='ltr'><strong>malimus</strong></span> 
     </span>
     <span class='ocr_line' id='line_1_29' title="bbox 182 2825 1754 2919; baseline -0.001 -25"><span class='ocrx_word' id='word_1_188' title='bbox 182 2840 505 2916; x_wconf 82' lang='lat' dir='ltr'><strong>praestare·</strong></span> <span class='ocrx_word' id='word_1_189' title='bbox 545 2826 981 2912; x_wconf 81' lang='lat' dir='ltr'><strong>hominibus,</strong></span> <span class='ocrx_word' id='word_1_190' title='bbox 1069 2851 1223 2895; x_wconf 87' lang='lat' dir='ltr'><strong>uam</strong></span> <span class='ocrx_word' id='word_1_191' title='bbox 1261 2852 1397 2919; x_wconf 86' lang='lat' dir='ltr'><strong>quo</strong></span> <span class='ocrx_word' id='word_1_192' title='bbox 1439 2825 1567 2918; x_wconf 88' lang='lat' dir='ltr'><strong>ipsi</strong></span> <span class='ocrx_word' id='word_1_193' title='bbox 1625 2825 1754 2894; x_wconf 89' lang='lat' dir='ltr'><strong>ho-</strong></span> 
     </span>
     <span class='ocr_line' id='line_1_30' title="bbox 180 2916 1753 3009; baseline 0 -23"><span class='ocrx_word' id='word_1_194' title='bbox 180 2916 392 2988; x_wconf 85' lang='lat' dir='ltr'><strong>mines</strong></span> <span class='ocrx_word' id='word_1_195' title='bbox 452 2919 711 2990; x_wconf 87' lang='lat' dir='ltr'><strong>caeteris</strong></span> <span class='ocrx_word' id='word_1_196' title='bbox 760 2919 1037 2990; x_wconf 88' lang='lat' dir='ltr'><strong>animali</strong></span> <span class='ocrx_word' id='word_1_197' title='bbox 1094 2945 1170 2988; x_wconf 91' lang='lat' dir='ltr'><strong>us</strong></span> <span class='ocrx_word' id='word_1_198' title='bbox 1208 2929 1526 3009; x_wconf 81' lang='lat' dir='ltr'><strong>praestant</strong></span> <span class='ocrx_word' id='word_1_199' title='bbox 1574 2925 1600 2984; x_wconf 71' lang='grc' dir='ltr'><strong>ἰ’</strong></span> <span class='ocrx_word' id='word_1_200' title='bbox 1646 2921 1753 2986; x_wconf 90' lang='lat' dir='ltr'><strong>Eo</strong></span> 
     </span>
     <span class='ocr_line' id='line_1_31' title="bbox 180 3005 1756 3104; baseline 0 -28"><span class='ocrx_word' id='word_1_201' title='bbox 180 3008 452 3100; x_wconf 87' lang='lat' dir='ltr'><strong>quidem</strong></span> <span class='ocrx_word' id='word_1_202' title='bbox 482 3011 733 3104; x_wconf 85' lang='lat' dir='ltr'><strong>magis,</strong></span> <span class='ocrx_word' id='word_1_203' title='bbox 778 3009 963 3104; x_wconf 90' lang='lat' dir='ltr'><strong>quod</strong></span> <span class='ocrx_word' id='word_1_204' title='bbox 1020 3009 1209 3080; x_wconf 88' lang='lat' dir='ltr'><strong>nulla</strong></span> <span class='ocrx_word' id='word_1_205' title='bbox 1247 3011 1319 3080; x_wconf 89' lang='lat' dir='ltr'><strong>in</strong></span> <span class='ocrx_word' id='word_1_206' title='bbox 1371 3017 1562 3100; x_wconf 82' lang='lat' dir='ltr'><strong>parte</strong></span> <span class='ocrx_word' id='word_1_207' title='bbox 1609 3005 1756 3096; x_wconf 76' lang='lat' dir='ltr'><strong>ple-</strong></span> 
     </span>
     <span class='ocr_line' id='line_1_32' title="bbox 182 3095 1760 3195; baseline 0.001 -28"><span class='ocrx_word' id='word_1_208' title='bbox 182 3099 335 3170; x_wconf 88' lang='lat' dir='ltr'><strong>nius</strong></span> <span class='ocrx_word' id='word_1_209' title='bbox 370 3101 565 3172; x_wconf 87' lang='lat' dir='ltr'><strong>labor</strong></span> <span class='ocrx_word' id='word_1_210' title='bbox 609 3103 897 3195; x_wconf 83' lang='lat' dir='ltr'><strong>gratiam</strong></span> <span class='ocrx_word' id='word_1_211' title='bbox 950 3103 1178 3171; x_wconf 80' lang='lat' dir='ltr'><strong>refert.</strong></span> <span class='ocrx_word' id='word_1_212' title='bbox 1220 3101 1296 3170; x_wconf 93' lang='lat' dir='ltr'><strong>Id</strong></span> <span class='ocrx_word' id='word_1_213' title='bbox 1331 3097 1500 3167; x_wconf 84' lang='lat' dir='ltr'><strong>adeo</strong></span> <span class='ocrx_word' id='word_1_214' title='bbox 1543 3095 1760 3169; x_wconf 83' lang='lat' dir='ltr'><strong>mani-</strong></span> 
     </span>
     <span class='ocr_line' id='line_1_33' title="bbox 182 3187 1759 3286; baseline 0.001 -27"><span class='ocrx_word' id='word_1_215' title='bbox 182 3190 425 3284; x_wconf 78' lang='lat' dir='ltr'><strong>festum</strong></span> <span class='ocrx_word' id='word_1_216' title='bbox 454 3194 628 3279; x_wconf 80' lang='lat' dir='ltr'><strong>erit,</strong></span> <span class='ocrx_word' id='word_1_217' title='bbox 661 3193 717 3262; x_wconf 88' lang='lat' dir='ltr'><strong>si</strong></span> <span class='ocrx_word' id='word_1_218' title='bbox 774 3193 1339 3286; x_wconf 81' lang='lat' dir='ltr'><strong>cogitaverimus,</strong></span> <span class='ocrx_word' id='word_1_219' title='bbox 1403 3187 1628 3270; x_wconf 79' lang='lat' dir='ltr'><strong>unde,</strong></span> <span class='ocrx_word' id='word_1_220' title='bbox 1685 3201 1759 3260; x_wconf 82' lang='lat' dir='ltr'><strong>et</strong></span> 
     </span>
     <span class='ocr_line' id='line_1_34' title="bbox 185 3278 1760 3379; baseline 0 -27"><span class='ocrx_word' id='word_1_221' title='bbox 185 3307 531 3379; x_wconf 87' lang='lat' dir='ltr'><strong>quousque</strong></span> <span class='ocrx_word' id='word_1_222' title='bbox 560 3289 693 3367; x_wconf 81' lang='lat' dir='ltr'><strong>iam</strong></span> <span class='ocrx_word' id='word_1_223' title='bbox 740 3298 1058 3379; x_wconf 82' lang='lat' dir='ltr'><strong>provecta</strong></span> <span class='ocrx_word' id='word_1_224' title='bbox 1094 3283 1181 3354; x_wconf 84' lang='lat' dir='ltr'><strong>sit</strong></span> <span class='ocrx_word' id='word_1_225' title='bbox 1235 3278 1479 3354; x_wconf 82' lang='lat' dir='ltr'><strong>orandi</strong></span> <span class='ocrx_word' id='word_1_226' title='bbox 1531 3279 1760 3352; x_wconf 86' lang='lat' dir='ltr'><strong>facul-</strong></span> 
     </span>
    </p>

    <p class='ocr_par' dir='ltr' id='par_1_3' title="bbox 250 3407 1120 3480">
     <span class='ocr_line' id='line_1_35' title="bbox 250 3407 1120 3480; baseline 0.001 -23"><span class='ocrx_word' id='word_1_227' title='bbox 250 3407 340 3476; x_wconf 84' lang='grc' dir='ltr'><strong>(ι)</strong></span> <span class='ocrx_word' id='word_1_228' title='bbox 374 3408 477 3460; x_wconf 70' lang='lat' dir='ltr'><strong>Ati-2</strong></span> <span class='ocrx_word' id='word_1_229' title='bbox 508 3409 706 3476; x_wconf 81' lang='lat' dir='ltr'><strong>legunt:</strong></span> <span class='ocrx_word' id='word_1_230' title='bbox 726 3411 1065 3480; x_wconf 75' lang='lat' dir='ltr'><strong>cognitionem.</strong></span> <span class='ocrx_word' id='word_1_231' title='bbox 1117 3435 1120 3440; x_wconf 96' lang='lat'>-</span> 
     </span>
    </p>
   </div>
   <div class='ocr_carea' id='block_1_2' title="bbox 314 3473 1444 3547">
    <p class='ocr_par' dir='ltr' id='par_1_4' title="bbox 314 3473 1444 3547">
     <span class='ocr_line' id='line_1_36' title="bbox 314 3473 1444 3547; baseline -0.007 -2"><span class='ocrx_word' id='word_1_232' title='bbox 314 3499 319 3504; x_wconf 81' lang='lat'><strong>·</strong></span> <span class='ocrx_word' id='word_1_233' title='bbox 374 3475 577 3547; x_wconf 79' lang='lat' dir='ltr'><strong>Tome</strong></span> <span class='ocrx_word' id='word_1_234' title='bbox 623 3476 679 3545; x_wconf 91' lang='lat' dir='ltr'><strong>I.</strong></span> <span class='ocrx_word' id='word_1_235' title='bbox 1281 3519 1284 3524; x_wconf 93' lang='lat'>-</span> <span class='ocrx_word' id='word_1_236' title='bbox 1383 3473 1444 3537; x_wconf 81' lang='lat' dir='ltr'><strong>F</strong></span> 
     </span>
    </p>
   </div>
  </div>
 </body>
</html>
