<?xml version="1.0" encoding="UTF-8"?>
<!DOCTYPE html PUBLIC "-//W3C//DTD XHTML 1.0 Transitional//EN"
    "http://www.w3.org/TR/xhtml1/DTD/xhtml1-transitional.dtd">
<html xmlns="http://www.w3.org/1999/xhtml" xml:lang="en" lang="en">
 <head>
  <title>
</title>
<meta http-equiv="Content-Type" content="text/html;charset=utf-8" />
  <meta name='ocr-system' content='tesseract 3.04.00' />
  <meta name='ocr-capabilities' content='ocr_page ocr_carea ocr_par ocr_line ocrx_word'/>
</head>
<body>
  <div class='ocr_page' id='page_1' title='image "./mfabiiquintilia20quingoog_0023.png"; bbox 0 0 2175 3809; ppageno 0'>
   <div class='ocr_carea' id='block_1_1' title="bbox 649 204 1731 299">
    <p class='ocr_par' dir='ltr' id='par_1_1' title="bbox 649 204 1731 299">
     <span class='ocr_line' id='line_1_1' title="bbox 649 204 1731 299; baseline 0 -23"><span class='ocrx_word' id='word_1_1' title='bbox 649 204 1267 277; x_wconf 63' lang='grc' dir='ltr'><strong>ΡῃιιΑτια</strong></span> <span class='ocrx_word' id='word_1_2' title='bbox 1660 207 1731 299; x_wconf 57' lang='grc' dir='ltr'><strong>ἡ</strong></span> 
     </span>
    </p>
   </div>
   <div class='ocr_carea' id='block_1_2' title="bbox 191 293 1837 392">
    <p class='ocr_par' dir='ltr' id='par_1_2' title="bbox 191 293 1837 392">
     <span class='ocr_line' id='line_1_2' title="bbox 191 293 1837 392; baseline -0.004 -18"><span class='ocrx_word' id='word_1_3' title='bbox 191 293 420 374; x_wconf 79' lang='lat' dir='ltr'><strong>sertim</strong></span> <span class='ocrx_word' id='word_1_4' title='bbox 440 296 510 372; x_wconf 82' lang='lat' dir='ltr'><strong>vi</strong></span> <span class='ocrx_word' id='word_1_5' title='bbox 521 296 777 368; x_wconf 86' lang='lat' dir='ltr'><strong>tiorum</strong></span> <span class='ocrx_word' id='word_1_6' title='bbox 803 309 1139 366; x_wconf 84' lang='lat' dir='ltr'><strong>amatores</strong></span> <span class='ocrx_word' id='word_1_7' title='bbox 1161 350 1183 382; x_wconf 88' lang='lat'>‚</span> <span class='ocrx_word' id='word_1_8' title='bbox 1205 306 1483 374; x_wconf 69' lang='lat' dir='ltr'><strong>tantun}</strong></span> <span class='ocrx_word' id='word_1_9' title='bbox 1498 295 1587 368; x_wconf 77' lang='lat' dir='ltr'><strong>ab</strong></span> <span class='ocrx_word' id='word_1_10' title='bbox 1608 297 1733 372; x_wconf 87' lang='lat' dir='ltr'><strong>illo</strong></span> <span class='ocrx_word' id='word_1_11' title='bbox 1828 385 1837 392; x_wconf 27' lang='grc' dir='ltr'>ι</span> 
     </span>
    </p>
   </div>
   <div class='ocr_carea' id='block_1_3' title="bbox 177 387 1735 3436">
    <p class='ocr_par' dir='ltr' id='par_1_3' title="bbox 141 387 1735 3436">
     <span class='ocr_line' id='line_1_3' title="bbox 190 387 1734 484; baseline -0.001 -21"><span class='ocrx_word' id='word_1_12' title='bbox 190 387 629 474; x_wconf 81' lang='lat' dir='ltr'><strong>defluxerunt</strong></span> <span class='ocrx_word' id='word_1_13' title='bbox 659 443 680 475; x_wconf 85' lang='lat'>‚</span> <span class='ocrx_word' id='word_1_14' title='bbox 724 399 1058 483; x_wconf 85' lang='lat' dir='ltr'><strong>quantum</strong></span> <span class='ocrx_word' id='word_1_15' title='bbox 1093 388 1237 481; x_wconf 87' lang='lat' dir='ltr'><strong>ipse</strong></span> <span class='ocrx_word' id='word_1_16' title='bbox 1290 387 1380 458; x_wconf 87' lang='lat' dir='ltr'><strong>ab</strong></span> <span class='ocrx_word' id='word_1_17' title='bbox 1428 389 1734 484; x_wconf 80' lang='lat' dir='ltr'>antiquis</span> 
     </span>
     <span class='ocr_line' id='line_1_4' title="bbox 183 479 1735 573; baseline -0.002 -18"><span class='ocrx_word' id='word_1_18' title='bbox 183 481 665 564; x_wconf 83' lang='lat' dir='ltr'><strong>descenderat.</strong></span> <span class='ocrx_word' id='word_1_19' title='bbox 699 480 992 552; x_wconf 67' lang='lat' dir='ltr'><strong>Sor-dere</strong></span> <span class='ocrx_word' id='word_1_20' title='bbox 1023 481 1229 573; x_wconf 82' lang='lat' dir='ltr'><strong>coepit</strong></span> <span class='ocrx_word' id='word_1_21' title='bbox 1283 505 1495 572; x_wconf 86' lang='lat' dir='ltr'><strong>purus</strong></span> <span class='ocrx_word' id='word_1_22' title='bbox 1536 479 1735 553; x_wconf 71' lang='lat' dir='ltr'><strong>inac-</strong></span> 
     </span>
     <span class='ocr_line' id='line_1_5' title="bbox 181 572 1734 668; baseline 0.001 -22"><span class='ocrx_word' id='word_1_23' title='bbox 181 577 449 646; x_wconf 82' lang='lat' dir='ltr'><strong>sectatae</strong></span> <span class='ocrx_word' id='word_1_24' title='bbox 481 572 946 668; x_wconf 72' lang='lat' dir='ltr'><strong>simplicitatis</strong></span> <span class='ocrx_word' id='word_1_25' title='bbox 999 572 1225 658; x_wconf 85' lang='lat' dir='ltr'><strong>nitor,</strong></span> <span class='ocrx_word' id='word_1_26' title='bbox 1268 585 1335 643; x_wconf 88' lang='lat' dir='ltr'><strong>et</strong></span> <span class='ocrx_word' id='word_1_27' title='bbox 1388 572 1734 668; x_wconf 78' lang='lat' dir='ltr'><strong>quidquid</strong></span> 
     </span>
     <span class='ocr_line' id='line_1_6' title="bbox 181 665 1731 758; baseline -0.001 -18"><span class='ocrx_word' id='word_1_28' title='bbox 181 683 431 740; x_wconf 85' lang='lat' dir='ltr'><strong>natura</strong></span> <span class='ocrx_word' id='word_1_29' title='bbox 468 665 816 736; x_wconf 83' lang='lat' dir='ltr'><strong>dictasset.</strong></span> <span class='ocrx_word' id='word_1_30' title='bbox 870 670 1026 734; x_wconf 89' lang='lat' dir='ltr'><strong>Non</strong></span> <span class='ocrx_word' id='word_1_31' title='bbox 1083 669 1222 756; x_wconf 87' lang='lat' dir='ltr'><strong>jam</strong></span> <span class='ocrx_word' id='word_1_32' title='bbox 1283 665 1545 758; x_wconf 84' lang='lat' dir='ltr'><strong>placuit</strong></span> <span class='ocrx_word' id='word_1_33' title='bbox 1590 667 1731 739; x_wconf 86' lang='lat' dir='ltr'><strong>nisi</strong></span> 
     </span>
     <span class='ocr_line' id='line_1_7' title="bbox 181 756 1729 853; baseline 0.001 -23"><span class='ocrx_word' id='word_1_34' title='bbox 181 759 390 853; x_wconf 82' lang='lat' dir='ltr'><strong>picta,</strong></span> <span class='ocrx_word' id='word_1_35' title='bbox 418 771 490 829; x_wconf 90' lang='lat' dir='ltr'><strong>et</strong></span> <span class='ocrx_word' id='word_1_36' title='bbox 515 757 962 842; x_wconf 84' lang='lat' dir='ltr'><strong>translucida,</strong></span> <span class='ocrx_word' id='word_1_37' title='bbox 977 768 1048 844; x_wconf 77' lang='lat' dir='ltr'><strong>et</strong></span> <span class='ocrx_word' id='word_1_38' title='bbox 1079 756 1454 829; x_wconf 80' lang='lat' dir='ltr'><strong>versicolor</strong></span> <span class='ocrx_word' id='word_1_39' title='bbox 1478 759 1729 831; x_wconf 88' lang='lat' dir='ltr'><strong>oratio.</strong></span> 
     </span>
     <span class='ocr_line' id='line_1_8' title="bbox 177 849 1732 946; baseline 0.001 -24"><span class='ocrx_word' id='word_1_40' title='bbox 177 851 516 946; x_wconf 81' lang='lat' dir='ltr'><strong>Neglecta</strong></span> <span class='ocrx_word' id='word_1_41' title='bbox 555 875 786 920; x_wconf 87' lang='lat' dir='ltr'><strong>rerum</strong></span> <span class='ocrx_word' id='word_1_42' title='bbox 819 875 984 922; x_wconf 88' lang='lat' dir='ltr'><strong>cura</strong></span> <span class='ocrx_word' id='word_1_43' title='bbox 1039 861 1191 936; x_wconf 87' lang='lat' dir='ltr'><strong>est,</strong></span> <span class='ocrx_word' id='word_1_44' title='bbox 1239 862 1316 920; x_wconf 84' lang='lat' dir='ltr'><strong>ut</strong></span> <span class='ocrx_word' id='word_1_45' title='bbox 1354 849 1732 924; x_wconf 84' lang='lat' dir='ltr'><strong>haberetur</strong></span> 
     </span>
     <span class='ocr_line' id='line_1_9' title="bbox 179 939 1730 1036; baseline 0.001 -22"><span class='ocrx_word' id='word_1_46' title='bbox 179 947 358 1015; x_wconf 84' lang='lat' dir='ltr'><strong>ratio</strong></span> <span class='ocrx_word' id='word_1_47' title='bbox 387 941 792 1029; x_wconf 81' lang='lat' dir='ltr'><strong>verborum,</strong></span> <span class='ocrx_word' id='word_1_48' title='bbox 811 939 1063 1036; x_wconf 86' lang='lat' dir='ltr'><strong>quibus</strong></span> <span class='ocrx_word' id='word_1_49' title='bbox 1088 940 1223 1014; x_wconf 86' lang='lat' dir='ltr'><strong>hoc</strong></span> <span class='ocrx_word' id='word_1_50' title='bbox 1253 967 1469 1014; x_wconf 88' lang='lat' dir='ltr'><strong>unum</strong></span> <span class='ocrx_word' id='word_1_51' title='bbox 1496 956 1730 1016; x_wconf 82' lang='lat' dir='ltr'><strong>tamen</strong></span> 
     </span>
     <span class='ocr_line' id='line_1_10' title="bbox 179 1035 1733 1118; baseline 0.002 -12"><span class='ocrx_word' id='word_1_52' title='bbox 179 1035 598 1106; x_wconf 85' lang='lat' dir='ltr'><strong>attributum</strong></span> <span class='ocrx_word' id='word_1_53' title='bbox 629 1039 670 1104; x_wconf 76' lang='lat' dir='ltr'><strong>a</strong></span> <span class='ocrx_word' id='word_1_54' title='bbox 699 1045 947 1105; x_wconf 82' lang='lat' dir='ltr'><strong>natura</strong></span> <span class='ocrx_word' id='word_1_55' title='bbox 971 1035 1279 1114; x_wconf 86' lang='lat' dir='ltr'><strong>officium</strong></span> <span class='ocrx_word' id='word_1_56' title='bbox 1303 1048 1443 1118; x_wconf 83' lang='lat' dir='ltr'><strong>est,</strong></span> <span class='ocrx_word' id='word_1_57' title='bbox 1471 1037 1733 1110; x_wconf 76' lang='lat' dir='ltr'><strong>serviro</strong></span> 
     </span>
     <span class='ocr_line' id='line_1_11' title="bbox 181 1124 1731 1208; baseline 0.001 -10"><span class='ocrx_word' id='word_1_58' title='bbox 181 1127 522 1198; x_wconf 80' lang='lat' dir='ltr'><strong>sensibus.</strong></span> <span class='ocrx_word' id='word_1_59' title='bbox 574 1125 912 1208; x_wconf 83' lang='lat' dir='ltr'><strong>Flosculis</strong></span> <span class='ocrx_word' id='word_1_60' title='bbox 966 1152 1048 1197; x_wconf 86' lang='lat' dir='ltr'><strong>ac</strong></span> <span class='ocrx_word' id='word_1_61' title='bbox 1104 1124 1539 1198; x_wconf 80' lang='lat' dir='ltr'><strong>sententiolis</strong></span> <span class='ocrx_word' id='word_1_62' title='bbox 1586 1153 1731 1200; x_wconf 87' lang='lat' dir='ltr'><strong>res·</strong></span> 
     </span>
     <span class='ocr_line' id='line_1_12' title="bbox 179 1213 1731 1382; baseline 0.001 -92"><span class='ocrx_word' id='word_1_63' title='bbox 179 1245 380 1382; x_wconf 72' lang='lat' dir='ltr'><strong>persa</strong></span> <span class='ocrx_word' id='word_1_64' title='bbox 412 1219 672 1290; x_wconf 75' lang='lat' dir='ltr'><strong>temere</strong></span> <span class='ocrx_word' id='word_1_65' title='bbox 693 1218 948 1290; x_wconf 83' lang='lat' dir='ltr'><strong>omnia.</strong></span> <span class='ocrx_word' id='word_1_66' title='bbox 969 1219 1189 1308; x_wconf 82' lang='lat' dir='ltr'><strong>Quasi</strong></span> <span class='ocrx_word' id='word_1_67' title='bbox 1208 1219 1359 1314; x_wconf 77' lang='lat' dir='ltr'><strong>lege</strong></span> <span class='ocrx_word' id='word_1_68' title='bbox 1386 1213 1731 1305; x_wconf 81' lang='lat' dir='ltr'><strong>sancitum</strong></span> 
     </span>
     <span class='ocr_line' id='line_1_13' title="bbox 213 1311 1731 1400; baseline 0.003 -19"><span class='ocrx_word' id='word_1_69' title='bbox 213 1312 312 1382; x_wconf 72' lang='lat' dir='ltr'><strong>uit</strong></span> <span class='ocrx_word' id='word_1_70' title='bbox 351 1324 432 1382; x_wconf 87' lang='lat' dir='ltr'><strong>ut</strong></span> <span class='ocrx_word' id='word_1_71' title='bbox 478 1311 705 1382; x_wconf 85' lang='lat' dir='ltr'><strong>omnis</strong></span> <span class='ocrx_word' id='word_1_72' title='bbox 752 1311 946 1400; x_wconf 73' lang='lat' dir='ltr'><strong>locus</strong></span> <span class='ocrx_word' id='word_1_73' title='bbox 981 1365 1002 1397; x_wconf 86' lang='lat'>‚</span> <span class='ocrx_word' id='word_1_74' title='bbox 1037 1311 1265 1382; x_wconf 87' lang='lat' dir='ltr'><strong>omnis</strong></span> <span class='ocrx_word' id='word_1_75' title='bbox 1316 1336 1555 1382; x_wconf 83' lang='lat' dir='ltr'><strong>sensus</strong></span> <span class='ocrx_word' id='word_1_76' title='bbox 1584 1365 1604 1398; x_wconf 90' lang='lat'><strong>.,</strong></span> <span class='ocrx_word' id='word_1_77' title='bbox 1652 1313 1731 1385; x_wconf 88' lang='lat' dir='ltr'><strong>in</strong></span> 
     </span>
     <span class='ocr_line' id='line_1_14' title="bbox 179 1402 1729 1478; baseline 0.001 -4"><span class='ocrx_word' id='word_1_78' title='bbox 179 1403 316 1474; x_wconf 90' lang='lat' dir='ltr'><strong>fine</strong></span> <span class='ocrx_word' id='word_1_79' title='bbox 373 1405 714 1476; x_wconf 89' lang='lat' dir='ltr'><strong>sermonis</strong></span> <span class='ocrx_word' id='word_1_80' title='bbox 773 1403 1090 1478; x_wconf 85' lang='lat' dir='ltr'><strong>acumine</strong></span> <span class='ocrx_word' id='word_1_81' title='bbox 1148 1402 1389 1474; x_wconf 84' lang='lat' dir='ltr'><strong>feriret</strong></span> <span class='ocrx_word' id='word_1_82' title='bbox 1442 1429 1680 1476; x_wconf 87' lang='lat' dir='ltr'><strong>aurem</strong></span> <span class='ocrx_word' id='word_1_83' title='bbox 1708 1433 1729 1476; x_wconf 74' lang='grc' dir='ltr'><strong><em>ε</em></strong></span> 
     </span>
     <span class='ocr_line' id='line_1_15' title="bbox 177 1495 1735 1590; baseline 0.003 -24"><span class='ocrx_word' id='word_1_84' title='bbox 177 1508 380 1590; x_wconf 88' lang='lat' dir='ltr'><strong>turpe</strong></span> <span class='ocrx_word' id='word_1_85' title='bbox 409 1509 643 1566; x_wconf 84' lang='lat' dir='ltr'><strong>autem</strong></span> <span class='ocrx_word' id='word_1_86' title='bbox 677 1497 758 1568; x_wconf 74' lang='lat' dir='ltr'><strong>ac</strong></span> <span class='ocrx_word' id='word_1_87' title='bbox 782 1498 998 1589; x_wconf 69' lang='lat' dir='ltr'><strong>prope</strong></span> <span class='ocrx_word' id='word_1_88' title='bbox 1023 1495 1215 1574; x_wconf 82' lang='lat' dir='ltr'><strong>nefas</strong></span> <span class='ocrx_word' id='word_1_89' title='bbox 1247 1495 1563 1568; x_wconf 84' lang='lat' dir='ltr'><strong>habitum</strong></span> <span class='ocrx_word' id='word_1_90' title='bbox 1590 1521 1735 1570; x_wconf 82' lang='lat' dir='ltr'><strong>res·-</strong></span> 
     </span>
     <span class='ocr_line' id='line_1_16' title="bbox 177 1587 1731 1684; baseline 0.003 -26"><span class='ocrx_word' id='word_1_91' title='bbox 177 1589 407 1682; x_wconf 86' lang='lat' dir='ltr'><strong>pirare</strong></span> <span class='ocrx_word' id='word_1_92' title='bbox 447 1587 593 1659; x_wconf 90' lang='lat' dir='ltr'><strong>ullo</strong></span> <span class='ocrx_word' id='word_1_93' title='bbox 618 1590 810 1676; x_wconf 83' lang='lat' dir='ltr'><strong>loco,</strong></span> <span class='ocrx_word' id='word_1_94' title='bbox 845 1588 964 1684; x_wconf 88' lang='lat' dir='ltr'><strong>qui</strong></span> <span class='ocrx_word' id='word_1_95' title='bbox 993 1587 1563 1660; x_wconf 84' lang='lat' dir='ltr'><strong>acclamationem</strong></span> <span class='ocrx_word' id='word_1_96' title='bbox 1583 1615 1731 1662; x_wconf 88' lang='lat' dir='ltr'><strong>non</strong></span> 
     </span>
     <span class='ocr_line' id='line_1_17' title="bbox 228 1693 928 1750; baseline 0.001 0"><span class='ocrx_word' id='word_1_97' title='bbox 228 1693 474 1750; x_wconf 84' lang='lat' dir='ltr'><strong>eteret.</strong></span> <span class='ocrx_word' id='word_1_98' title='bbox 919 1735 928 1744; x_wconf 85' lang='lat'><strong>.</strong></span> 
     </span>
     <span class='ocr_line' id='line_1_18' title="bbox 180 1707 1727 1866; baseline 0.002 -23.926"><span class='ocrx_word' id='word_1_99' title='bbox 180 1707 222 1774; x_wconf 70' lang='lat' dir='ltr'><strong>P</strong></span> <span class='ocrx_word' id='word_1_100' title='bbox 269 1779 466 1844; x_wconf 83' lang='lat' dir='ltr'><strong>Toto</strong></span> <span class='ocrx_word' id='word_1_101' title='bbox 497 1795 704 1865; x_wconf 88' lang='lat' dir='ltr'><strong>opere</strong></span> <span class='ocrx_word' id='word_1_102' title='bbox 738 1769 996 1842; x_wconf 82' lang='lat' dir='ltr'><strong>Fabius</strong></span> <span class='ocrx_word' id='word_1_103' title='bbox 1030 1782 1436 1866; x_wconf 85' lang='lat' dir='ltr'><strong>corruptum.</strong></span> <span class='ocrx_word' id='word_1_104' title='bbox 1458 1770 1635 1845; x_wconf 84' lang='lat' dir='ltr'><strong>illud</strong></span> <span class='ocrx_word' id='word_1_105' title='bbox 1656 1786 1727 1845; x_wconf 91' lang='lat' dir='ltr'><strong>et</strong></span> 
     </span>
     <span class='ocr_line' id='line_1_19' title="bbox 180 1861 1726 1957; baseline -0.002 -23"><span class='ocrx_word' id='word_1_106' title='bbox 180 1863 480 1935; x_wconf 84' lang='lat' dir='ltr'><strong>fractum</strong></span> <span class='ocrx_word' id='word_1_107' title='bbox 506 1861 830 1936; x_wconf 88' lang='lat' dir='ltr'><strong>omnibus</strong></span> <span class='ocrx_word' id='word_1_108' title='bbox 859 1863 1048 1936; x_wconf 85' lang='lat' dir='ltr'><strong>vitiis</strong></span> <span class='ocrx_word' id='word_1_109' title='bbox 1073 1863 1350 1935; x_wconf 87' lang='lat' dir='ltr'><strong>dicendi</strong></span> <span class='ocrx_word' id='word_1_110' title='bbox 1376 1890 1597 1957; x_wconf 82' lang='lat' dir='ltr'><strong>genus</strong></span> <span class='ocrx_word' id='word_1_111' title='bbox 1618 1891 1726 1938; x_wconf 80' lang='lat' dir='ltr'><strong>re·-</strong></span> 
     </span>
     <span class='ocr_line' id='line_1_20' title="bbox 178 1953 1726 2046; baseline 0 -18"><span class='ocrx_word' id='word_1_112' title='bbox 178 1959 430 2028; x_wconf 76' lang='lat' dir='ltr'><strong>v&#39;ocare</strong></span> <span class='ocrx_word' id='word_1_113' title='bbox 483 1955 572 2028; x_wconf 85' lang='lat' dir='ltr'><strong>ad</strong></span> <span class='ocrx_word' id='word_1_114' title='bbox 626 1955 969 2030; x_wconf 78' lang='lat' dir='ltr'><strong>severiora</strong></span> <span class='ocrx_word' id='word_1_115' title='bbox 1027 1953 1295 2046; x_wconf 85' lang='lat' dir='ltr'><strong>judicia</strong></span> <span class='ocrx_word' id='word_1_116' title='bbox 1342 1955 1726 2030; x_wconf 78' lang='lat' dir='ltr'><strong>contendit.</strong></span> 
     </span>
     <span class='ocr_line' id='line_1_21' title="bbox 180 2046 1727 2154; baseline 0 -34"><span class='ocrx_word' id='word_1_117' title='bbox 180 2054 338 2120; x_wconf 89' lang='lat' dir='ltr'><strong>Non</strong></span> <span class='ocrx_word' id='word_1_118' title='bbox 364 2047 486 2120; x_wconf 86' lang='lat' dir='ltr'><strong>ille</strong></span> <span class='ocrx_word' id='word_1_119' title='bbox 526 2047 808 2154; x_wconf 81' lang='lat' dir='ltr'><strong>quidem</strong></span> <span class='ocrx_word' id='word_1_120' title='bbox 833 2046 1015 2119; x_wconf 71' lang='lat' dir='ltr'><strong>culte</strong></span> <span class='ocrx_word' id='word_1_121' title='bbox 1048 2059 1121 2118; x_wconf 89' lang='lat' dir='ltr'><strong>et</strong></span> <span class='ocrx_word' id='word_1_122' title='bbox 1146 2048 1386 2118; x_wconf 71' lang='lat' dir='ltr'><strong>ornate</strong></span> <span class='ocrx_word' id='word_1_123' title='bbox 1413 2046 1727 2142; x_wconf 58' lang='lat' dir='ltr'><strong>dicenti-7</strong></span> 
     </span>
     <span class='ocr_line' id='line_1_22' title="bbox 182 2138 1729 2233; baseline -0.001 -18"><span class='ocrx_word' id='word_1_124' title='bbox 182 2139 310 2215; x_wconf 84' lang='lat' dir='ltr'><strong>bus</strong></span> <span class='ocrx_word' id='word_1_125' title='bbox 360 2140 726 2212; x_wconf 74' lang='lat' dir='ltr'><strong>inimicum</strong></span> <span class='ocrx_word' id='word_1_126' title='bbox 787 2166 859 2213; x_wconf 86' lang='lat' dir='ltr'><strong>se</strong></span> <span class='ocrx_word' id='word_1_127' title='bbox 927 2138 1298 2233; x_wconf 78' lang='lat' dir='ltr'><strong>profitetur</strong></span> <span class='ocrx_word' id='word_1_128' title='bbox 1334 2193 1355 2225; x_wconf 89' lang='lat'>‚</span> <span class='ocrx_word' id='word_1_129' title='bbox 1428 2153 1507 2211; x_wconf 86' lang='lat' dir='ltr'><strong>ut</strong></span> <span class='ocrx_word' id='word_1_130' title='bbox 1562 2142 1729 2214; x_wconf 83' lang='lat' dir='ltr'><strong>satis</strong></span> 
     </span>
     <span class='ocr_line' id='line_1_23' title="bbox 185 2231 1733 2328; baseline 0.003 -26"><span class='ocrx_word' id='word_1_131' title='bbox 185 2233 444 2326; x_wconf 82' lang='lat' dir='ltr'><strong>scripta</strong></span> <span class='ocrx_word' id='word_1_132' title='bbox 473 2235 624 2322; x_wconf 87' lang='lat' dir='ltr'><strong>ejus</strong></span> <span class='ocrx_word' id='word_1_133' title='bbox 657 2231 1047 2318; x_wconf 83' lang='lat' dir='ltr'><strong>declarant,</strong></span> <span class='ocrx_word' id='word_1_134' title='bbox 1079 2231 1270 2306; x_wconf 86' lang='lat' dir='ltr'><strong>omni</strong></span> <span class='ocrx_word' id='word_1_135' title='bbox 1308 2257 1445 2326; x_wconf 89' lang='lat' dir='ltr'><strong>qua</strong></span> <span class='ocrx_word' id='word_1_136' title='bbox 1467 2259 1597 2328; x_wconf 84' lang='lat' dir='ltr'><strong>par</strong></span> <span class='ocrx_word' id='word_1_137' title='bbox 1626 2247 1733 2306; x_wconf 82' lang='lat' dir='ltr'><strong>est</strong></span> 
     </span>
     <span class='ocr_line' id='line_1_24' title="bbox 183 2323 1725 2418; baseline 0.001 -24"><span class='ocrx_word' id='word_1_138' title='bbox 183 2326 406 2418; x_wconf 85' lang='lat' dir='ltr'><strong>gratia</strong></span> <span class='ocrx_word' id='word_1_139' title='bbox 442 2337 515 2396; x_wconf 82' lang='lat' dir='ltr'><strong>et</strong></span> <span class='ocrx_word' id='word_1_140' title='bbox 533 2349 783 2397; x_wconf 78' lang='lat' dir='ltr'><strong>venere</strong></span> <span class='ocrx_word' id='word_1_141' title='bbox 804 2323 1103 2402; x_wconf 81' lang='lat' dir='ltr'><strong>nitentia</strong></span> <span class='ocrx_word' id='word_1_142' title='bbox 1136 2352 1153 2394; x_wconf 72' lang='grc' dir='ltr'><strong><em>ε</em></strong></span> <span class='ocrx_word' id='word_1_143' title='bbox 1190 2325 1330 2395; x_wconf 77' lang='lat' dir='ltr'><strong>imo</strong></span> <span class='ocrx_word' id='word_1_144' title='bbox 1358 2324 1489 2395; x_wconf 87' lang='lat' dir='ltr'><strong>hac</strong></span> <span class='ocrx_word' id='word_1_145' title='bbox 1518 2324 1591 2396; x_wconf 90' lang='lat' dir='ltr'><strong>in</strong></span> <span class='ocrx_word' id='word_1_146' title='bbox 1613 2352 1725 2415; x_wconf 86' lang='lat' dir='ltr'><strong>re,</strong></span> 
     </span>
     <span class='ocr_line' id='line_1_25' title="bbox 184 2414 1733 2504; baseline 0.003 -18"><span class='ocrx_word' id='word_1_147' title='bbox 184 2429 258 2488; x_wconf 83' lang='lat' dir='ltr'><strong>ut</strong></span> <span class='ocrx_word' id='word_1_148' title='bbox 296 2429 366 2488; x_wconf 90' lang='lat' dir='ltr'><strong>et</strong></span> <span class='ocrx_word' id='word_1_149' title='bbox 403 2416 480 2486; x_wconf 92' lang='lat' dir='ltr'><strong>in</strong></span> <span class='ocrx_word' id='word_1_150' title='bbox 523 2415 780 2488; x_wconf 78' lang='lat' dir='ltr'><strong>caeteris</strong></span> <span class='ocrx_word' id='word_1_151' title='bbox 813 2414 1182 2504; x_wconf 61' lang='lat' dir='ltr'><strong>omnibus,</strong></span> <span class='ocrx_word' id='word_1_152' title='bbox 1212 2415 1530 2494; x_wconf 84' lang='lat' dir='ltr'><strong>Tullium</strong></span> <span class='ocrx_word' id='word_1_153' title='bbox 1563 2417 1733 2490; x_wconf 87' lang='lat' dir='ltr'><strong>ado-</strong></span> 
     </span>
     <span class='ocr_line' id='line_1_26' title="bbox 183 2507 1730 2605; baseline 0.004 -27"><span class='ocrx_word' id='word_1_154' title='bbox 183 2507 608 2580; x_wconf 88' lang='lat' dir='ltr'><strong>lescentibus</strong></span> <span class='ocrx_word' id='word_1_155' title='bbox 671 2507 1085 2584; x_wconf 81' lang='lat' dir='ltr'><strong>imitandum</strong></span> <span class='ocrx_word' id='word_1_156' title='bbox 1151 2509 1480 2602; x_wconf 85' lang='lat' dir='ltr'><strong>proponit</strong></span> <span class='ocrx_word' id='word_1_157' title='bbox 1516 2564 1535 2597; x_wconf 84' lang='lat'>,</span> <span class='ocrx_word' id='word_1_158' title='bbox 1605 2511 1730 2605; x_wconf 84' lang='lat' dir='ltr'><strong>qui</strong></span> 
     </span>
     <span class='ocr_line' id='line_1_27' title="bbox 185 2599 1731 2696; baseline 0.003 -26"><span class='ocrx_word' id='word_1_159' title='bbox 185 2603 340 2672; x_wconf 72' lang='lat' dir='ltr'><strong>cum</strong></span> <span class='ocrx_word' id='word_1_160' title='bbox 383 2601 620 2672; x_wconf 85' lang='lat' dir='ltr'><strong>omnia</strong></span> <span class='ocrx_word' id='word_1_161' title='bbox 660 2599 948 2675; x_wconf 81' lang='lat' dir='ltr'><strong>utilitati</strong></span> <span class='ocrx_word' id='word_1_162' title='bbox 975 2654 994 2687; x_wconf 84' lang='lat'>,</span> <span class='ocrx_word' id='word_1_163' title='bbox 1029 2614 1177 2674; x_wconf 85' lang='lat' dir='ltr'><strong>tum</strong></span> <span class='ocrx_word' id='word_1_164' title='bbox 1202 2612 1465 2693; x_wconf 84' lang='lat' dir='ltr'><strong>partem</strong></span> <span class='ocrx_word' id='word_1_165' title='bbox 1507 2629 1731 2696; x_wconf 89' lang='lat' dir='ltr'><strong>quan·-</strong></span> 
     </span>
     <span class='ocr_line' id='line_1_28' title="bbox 182 2688 1731 2787; baseline 0.001 -22"><span class='ocrx_word' id='word_1_166' title='bbox 182 2688 344 2765; x_wconf 85' lang='lat' dir='ltr'><strong>dam</strong></span> <span class='ocrx_word' id='word_1_167' title='bbox 370 2691 820 2764; x_wconf 86' lang='lat' dir='ltr'><strong>delectationi</strong></span> <span class='ocrx_word' id='word_1_168' title='bbox 851 2691 1093 2778; x_wconf 80' lang='lat' dir='ltr'><strong>dabat,</strong></span> <span class='ocrx_word' id='word_1_169' title='bbox 1131 2691 1285 2764; x_wconf 69' lang='lat' dir='ltr'><strong>cum</strong></span> <span class='ocrx_word' id='word_1_170' title='bbox 1318 2705 1387 2764; x_wconf 89' lang='lat' dir='ltr'><strong>et</strong></span> <span class='ocrx_word' id='word_1_171' title='bbox 1420 2693 1637 2787; x_wconf 88' lang='lat' dir='ltr'><strong>ipsam</strong></span> <span class='ocrx_word' id='word_1_172' title='bbox 1654 2721 1731 2767; x_wconf 85' lang='lat' dir='ltr'><strong>se</strong></span> 
     </span>
     <span class='ocr_line' id='line_1_29' title="bbox 181 2783 1733 2878; baseline 0.003 -24"><span class='ocrx_word' id='word_1_173' title='bbox 181 2811 326 2856; x_wconf 85' lang='lat' dir='ltr'><strong>rem</strong></span> <span class='ocrx_word' id='word_1_174' title='bbox 361 2810 568 2878; x_wconf 74' lang='lat' dir='ltr'><strong>agere</strong></span> <span class='ocrx_word' id='word_1_175' title='bbox 601 2783 864 2862; x_wconf 75' lang='lat' dir='ltr'><strong>diceret</strong></span> <span class='ocrx_word' id='word_1_176' title='bbox 899 2791 984 2870; x_wconf 85' lang='lat' dir='ltr'><strong>(a</strong></span> <span class='ocrx_word' id='word_1_177' title='bbox 1033 2784 1195 2856; x_wconf 87' lang='lat' dir='ltr'><strong>ebat</strong></span> <span class='ocrx_word' id='word_1_178' title='bbox 1248 2797 1478 2859; x_wconf 79' lang='lat' dir='ltr'><strong>autem</strong></span> <span class='ocrx_word' id='word_1_179' title='bbox 1516 2787 1733 2858; x_wconf 75' lang='lat' dir='ltr'><strong>maxi-</strong></span> 
     </span>
     <span class='ocr_line' id='line_1_30' title="bbox 183 2875 1727 2985; baseline 0.001 -37"><span class='ocrx_word' id='word_1_180' title='bbox 183 2879 340 2964; x_wconf 66' lang='lat' dir='ltr'><strong>me)</strong></span> <span class='ocrx_word' id='word_1_181' title='bbox 377 2875 750 2969; x_wconf 73' lang='lat' dir='ltr'><strong>litigatoris</strong></span> <span class='ocrx_word' id='word_1_182' title='bbox 782 2904 798 2946; x_wconf 71' lang='grc' dir='ltr'><strong>ε</strong></span> <span class='ocrx_word' id='word_1_183' title='bbox 831 2903 992 2948; x_wconf 85' lang='lat' dir='ltr'><strong>nam</strong></span> <span class='ocrx_word' id='word_1_184' title='bbox 1064 2904 1151 2948; x_wconf 87' lang='lat' dir='ltr'><strong>oc</strong></span> <span class='ocrx_word' id='word_1_185' title='bbox 1180 2876 1331 2985; x_wconf 75' lang='lat' dir='ltr'><strong>ipso</strong></span> <span class='ocrx_word' id='word_1_186' title='bbox 1356 2875 1727 2970; x_wconf 79' lang='lat' dir='ltr'><strong>proderat,</strong></span> 
     </span>
     <span class='ocr_line' id='line_1_31' title="bbox 230 2967 1727 3066; baseline 0.001 -25"><span class='ocrx_word' id='word_1_187' title='bbox 230 2970 376 3041; x_wconf 73' lang='lat' dir='ltr'><strong>uod</strong></span> <span class='ocrx_word' id='word_1_188' title='bbox 403 2967 738 3062; x_wconf 84' lang='lat' dir='ltr'><strong>placebat.</strong></span> <span class='ocrx_word' id='word_1_189' title='bbox 779 2967 912 3048; x_wconf 68' lang='lat' dir='ltr'><strong>Sed</strong></span> <span class='ocrx_word' id='word_1_190' title='bbox 943 2971 1259 3066; x_wconf 73' lang='lat' dir='ltr'><strong>praecipit</strong></span> <span class='ocrx_word' id='word_1_191' title='bbox 1312 2983 1391 3040; x_wconf 91' lang='lat' dir='ltr'><strong>ut</strong></span> <span class='ocrx_word' id='word_1_192' title='bbox 1442 2983 1727 3043; x_wconf 84' lang='lat' dir='ltr'><strong>ornatus</strong></span> 
     </span>
     <span class='ocr_line' id='line_1_32' title="bbox 185 2996 1722 3158; baseline 0.003 -24"><span class='ocrx_word' id='word_1_193' title='bbox 185 2996 314 3152; x_wconf 40' lang='lat' dir='ltr'><strong>ille,</strong></span> <span class='ocrx_word' id='word_1_194' title='bbox 332 3060 424 3131; x_wconf 89' lang='lat' dir='ltr'><strong>sit</strong></span> <span class='ocrx_word' id='word_1_195' title='bbox 455 3060 872 3152; x_wconf 73' lang='lat' dir='ltr'><strong>modesti-or,</strong></span> <span class='ocrx_word' id='word_1_196' title='bbox 920 3064 1223 3136; x_wconf 66' lang='lat' dir='ltr'><strong>materiae</strong></span> <span class='ocrx_word' id='word_1_197' title='bbox 1274 3063 1722 3158; x_wconf 77' lang='lat' dir='ltr'><strong>personisque</strong></span> 
     </span>
     <span class='ocr_line' id='line_1_33' title="bbox 185 3153 1725 3250; baseline 0.003 -26"><span class='ocrx_word' id='word_1_198' title='bbox 185 3153 740 3231; x_wconf 69' lang='lat' dir='ltr'><strong>accommodatus</strong></span> <span class='ocrx_word' id='word_1_199' title='bbox 763 3208 784 3242; x_wconf 86' lang='lat'>‚</span> <span class='ocrx_word' id='word_1_200' title='bbox 818 3155 1143 3250; x_wconf 81' lang='lat' dir='ltr'><strong>omnique</strong></span> <span class='ocrx_word' id='word_1_201' title='bbox 1173 3156 1352 3226; x_wconf 83' lang='lat' dir='ltr'><strong>fastu</strong></span> <span class='ocrx_word' id='word_1_202' title='bbox 1392 3168 1463 3228; x_wconf 88' lang='lat' dir='ltr'><strong>et</strong></span> <span class='ocrx_word' id='word_1_203' title='bbox 1494 3169 1725 3229; x_wconf 80' lang='lat' dir='ltr'><strong>osten-</strong></span> 
     </span>
     <span class='ocr_line' id='line_1_34' title="bbox 183 3245 1721 3359; baseline 0.003 -39"><span class='ocrx_word' id='word_1_204' title='bbox 183 3245 453 3344; x_wconf 67' lang='lat' dir='ltr'><strong>tatione</strong></span> <span class='ocrx_word' id='word_1_205' title='bbox 479 3259 760 3324; x_wconf 71' lang='lat' dir='ltr'><strong>careat:</strong></span> <span class='ocrx_word' id='word_1_206' title='bbox 793 3247 1136 3342; x_wconf 73' lang='lat' dir='ltr'><strong>imprimis</strong></span> <span class='ocrx_word' id='word_1_207' title='bbox 1168 3259 1397 3323; x_wconf 75' lang='lat' dir='ltr'><strong>autem</strong></span> <span class='ocrx_word' id='word_1_208' title='bbox 1428 3261 1511 3359; x_wconf 69' lang='lat' dir='ltr'><strong>ut</strong></span> <span class='ocrx_word' id='word_1_209' title='bbox 1542 3249 1721 3326; x_wconf 79' lang='lat' dir='ltr'><strong>nihi}</strong></span> 
     </span>
     <span class='ocr_line' id='line_1_35' title="bbox 1296 3363 1443 3436; baseline 0.027 -26"><span class='ocrx_word' id='word_1_210' title='bbox 1296 3363 1443 3436; x_wconf 64' lang='lat' dir='ltr'><strong>an</strong></span> 
     </span>
    </p>
   </div>
   <div class='ocr_carea' id='block_1_4' title="bbox 1774 1781 1979 2140">
    <p class='ocr_par' dir='ltr' id='par_1_4' title="bbox 1774 1781 1979 2140">
     <span class='ocr_line' id='line_1_36' title="bbox 1800 1781 1933 1830; baseline -0.015 0"><span class='ocrx_word' id='word_1_211' title='bbox 1800 1781 1933 1830; x_wconf 70' lang='lat' dir='ltr'><strong>Gun-</strong></span> 
     </span>
     <span class='ocr_line' id='line_1_37' title="bbox 1802 1843 1931 1892; baseline -0.023 0"><span class='ocrx_word' id='word_1_212' title='bbox 1802 1843 1931 1892; x_wconf 73' lang='lat' dir='ltr'><strong>conti</strong></span> 
     </span>
     <span class='ocr_line' id='line_1_38' title="bbox 1801 1905 1920 1953; baseline -0.008 0"><span class='ocrx_word' id='word_1_213' title='bbox 1801 1905 1920 1953; x_wconf 79' lang='lat' dir='ltr'><strong>huic</strong></span> 
     </span>
     <span class='ocr_line' id='line_1_39' title="bbox 1801 1969 1931 2014; baseline -0.015 0"><span class='ocrx_word' id='word_1_214' title='bbox 1801 1969 1931 2014; x_wconf 76' lang='lat' dir='ltr'><strong>malo</strong></span> 
     </span>
     <span class='ocr_line' id='line_1_40' title="bbox 1778 2028 1951 2076; baseline -0.029 0"><span class='ocrx_word' id='word_1_215' title='bbox 1778 2028 1951 2076; x_wconf 72' lang='lat' dir='ltr'><strong>rabin·</strong></span> 
     </span>
     <span class='ocr_line' id='line_1_41' title="bbox 1774 2087 1979 2140; baseline -0.02 0"><span class='ocrx_word' id='word_1_216' title='bbox 1774 2087 1979 2140; x_wconf 62' lang='lat' dir='ltr'><strong>Obflfint·</strong></span> 
     </span>
    </p>
   </div>
   <div class='ocr_carea' id='block_1_5' title="bbox 1769 2989 2041 3296">
    <p class='ocr_par' dir='ltr' id='par_1_5' title="bbox 1773 2989 1979 3042">
     <span class='ocr_line' id='line_1_42' title="bbox 1773 2989 1979 3042; baseline 0.015 -3"><span class='ocrx_word' id='word_1_217' title='bbox 1773 2989 1979 3042; x_wconf 70' lang='lat' dir='ltr'><strong>Ornatus</strong></span> 
     </span>
    </p>

    <p class='ocr_par' dir='ltr' id='par_1_6' title="bbox 1780 3053 2041 3224">
     <span class='ocr_line' id='line_1_43' title="bbox 1780 3053 1979 3104; baseline 0.02 -4"><span class='ocrx_word' id='word_1_218' title='bbox 1780 3053 1979 3104; x_wconf 73' lang='lat' dir='ltr'><strong>nimiam</strong></span> 
     </span>
     <span class='ocr_line' id='line_1_44' title="bbox 1798 3117 2041 3164; baseline -0.021 0"><span class='ocrx_word' id='word_1_219' title='bbox 1798 3117 1939 3164; x_wconf 80' lang='lat' dir='ltr'><strong>luxu-</strong></span> <span class='ocrx_word' id='word_1_220' title='bbox 2009 3121 2041 3159; x_wconf 65' lang='lat' dir='ltr'><strong>,b</strong></span> 
     </span>
     <span class='ocr_line' id='line_1_45' title="bbox 1799 3177 1923 3224; baseline 0.008 -1"><span class='ocrx_word' id='word_1_221' title='bbox 1799 3177 1923 3224; x_wconf 73' lang='lat' dir='ltr'><strong>riom</strong></span> 
     </span>
    </p>

    <p class='ocr_par' dir='ltr' id='par_1_7' title="bbox 1769 3251 1937 3296">
     <span class='ocr_line' id='line_1_46' title="bbox 1769 3251 1937 3296; baseline 0.012 -12"><span class='ocrx_word' id='word_1_222' title='bbox 1769 3251 1937 3296; x_wconf 74' lang='lat' dir='ltr'><strong>ampu-</strong></span> 
     </span>
    </p>
   </div>
   <div class='ocr_carea' id='block_1_6' title="bbox 1768 3297 1911 3351">
    <p class='ocr_par' dir='ltr' id='par_1_8' title="bbox 1768 3297 1911 3351">
     <span class='ocr_line' id='line_1_47' title="bbox 1768 3297 1911 3351; baseline 0 -2"><span class='ocrx_word' id='word_1_223' title='bbox 1768 3297 1911 3351; x_wconf 59' lang='lat' dir='ltr'><strong>tant.</strong></span> 
     </span>
    </p>
   </div>
  </div>
 </body>
</html>
