2175 3809
387 350 518 400 122
732 333 917 398 Lu.
965 329 1047 396 11.
1100 329 1278 396 cst.
1329 324 1637 395 XVIII.
1684 321 1697 338 ²
1931 405 1943 413 “

380 432 486 490 tas
505 472 524 506 ‚
551 429 618 488 et
638 417 864 488 adhuc
889 417 1125 511 augeri
1162 429 1407 510 potest.
1430 423 1636 501 Nam,
1662 428 1739 486 ut
1764 415 1973 488 omit-

377 523 516 585 tam
542 563 560 595 ‚
605 509 975 579 defendere
1033 509 1285 579 amicos
1314 561 1331 592 ,
1367 533 1600 614 regere
1654 508 1969 578 consiliis

379 615 692 674 senatum
725 654 742 682 ,
808 599 1141 694 populum
1166 653 1187 686 ‚
1248 613 1620 670 exerentum
1684 599 1757 668 in
1815 625 1972 705 quae

378 694 549 768 velit
601 693 890 777 ducere,
925 717 1129 786 quam
1186 690 1278 762 sit
1311 691 1519 777 utile,
1566 703 1974 762 conveniat-

375 811 506 894 que
539 784 725 854 hono
756 783 904 853 viro
936 809 958 869 ς,
991 809 1223 856 nonne
1254 783 1625 876 pulchrum·
1668 782 1777 852 vel
1830 781 1990 854 hoc·

377 903 604 970 lpsum
651 888 792 958 est,
845 901 926 944 ex
979 875 1325 946 communi
1376 874 1777 960 intellectu,
1812 899 1977 944 ver-

377 967 658 1060 bisque,
706 966 956 1061 quibus
1019 980 1311 1037 utuntur
1360 992 1637 1051 omne5‚
1691 977 1976 1038 tantum

378 1057 646 1153 assequi
697 1057 920 1128 laudis
962 1071 1029 1128 et
1064 1057 1338 1149 gloriae,
1381 1071 1453 1127 ut
1492 1084 1633 1127 non
1669 1057 1858 1150 loqui
1896 1069 1975 1128 et

384 1176 619 1237 orare,
652 1149 771 1220 sed
803 1149 986 1243 quod
1039 1149 1291 1220 Pericli
1349 1150 1673 1244 contigit,
1720 1149 1980 1244 fulgu-

377 1266 530 1312 rare
573 1268 654 1313 ac
689 1255 930 1312 tonare
955 1242 1302 1314 videaris?

365 1391 1361 1433 ὶμὶιὶινὶννιιιικιινικκνιητκιτιιιιι
1364 1393 1867 1425 txxsxutxuaumsx
1875 1391 1979 1424 πὶ*

717 1507 781 1572 .C
810 1507 872 1574 A
901 1499 1058 1572 PU
1085 1507 1153 1572 Τ
1244 1506 1575 1573 XVIII.

590 1645 713 1711 An
775 1647 1305 1715 anromcn
1370 1667 1499 1714 sn·
1557 1667 1740 1714 Ans.

371 1801 648 1878 Refutatis
689 1824 803 1886 quoe
843 1813 1042 1872 contra,
1065 1805 1313 1864 dicuntur
1336 1845 1355 1876 ,
1404 1804 1601 1865 statuit
1640 1801 1981 1866 Rhetoricen‘

1004 1905 1123 1950 esse
1156 1898 1352 1949 artem.

381 2004 646 2119 Fxms
680 2069 821 2118 non
877 2045 1010 2114 erit
1043 2099 1061 2131 ‚
1098 2047 1157 2115 si
1210 2045 1572 2139 exspatiari
1637 2055 1849 2139 parte'
1890 2045 1973 2118 in

373 2138 506 2209 h‘ae
531 2190 550 2220 ‚
579 2149 648 2206 et
697 2135 1054 2228 indulgere
1106 2137 1443 2230 voluptati
1486 2137 1709 2208 velim.
1736 2143 1974 2208 Tran-

373 2253 641 2299 seamus
696 2227 912 2320 igitur
945 2227 1032 2295 ad
1089 2254 1239 2300 eam
1289 2229 1773 2323 quaestionem,
1814 2249 1973 2321 quae'

370 2320 707 2414 sequitur,
735 2343 824 2386 aa
857 2324 957 2405 (1)
980 2319 1301 2392 rhetorice
1318 2346 1434 2391 ars
1448 2327 1555 2390 sit.
1577 2319 1785 2409 Quod
1811 2321 2006 2416 qui--

368 2411 525 2482 dem
581 2411 755 2480 adeo
804 2436 884 2479 ex
937 2409 1057 2495 iis,
1101 2411 1216 2505 qui
1282 2425 1618 2506 praecepta
1682 2412 1977 2484 dicendi

369 2501 854 2587 tradiderunt,
913 2527 1116 2576 nemo
1175 2503 1562 2588 dubitavit,
1628 2515 1702 2573 ut
1756 2503 1969 2575 etiam·

367 2595 538 2688 ipsis
589 2593 924 2664 librorum
969 2593 1190 2664 titulis
1223 2607 1547 2665 testatum
1573 2595 1697 2678 sit,
1749 2595 1969 2690 scrip-

366 2699 476 2758 tos
511 2712 628 2763 eos
675 2687 759 2756 de
788 2697 933 2755 arte
977 2685 1341 2768 rhetoricam
1379 2687 1623 2757 Cicero
1662 2693 1763 2773 (2)
1798 2713 1967 2758 vero

370 2778 620 2862 etiam,
662 2804 809 2872 quae
859 2777 1181 2847 rhetorice
1222 2791 1504 2850 vocetur
1532 2830 1553 2864 ‚
1589 2804 1733 2848 esse
1780 2783 1969 2850 arti-

352 2872 674 2964 ficiosam
762 2869 1201 2962 eloquentiam
1278 2869 1481 2940 dicat.
1540 2870 1751 2959 Quod
1816 2895 1964 2942 non

345 2967 675 3034 ‘oratores
701 2971 969 3033 tantum
1003 2960 1567 3047 vindicaverunt,
1596 2973 1675 3031 ut
1712 2961 1963 3032 studiis

366 3053 634 3149 aliquid
693 3051 832 3120 suis
898 3053 1291 3144 praestitisse
1346 3053 1716 3123 videantur
1772 3080 1788 3122 ε
1844 3052 1965 3122 sed

370 3171 525 3215 cum
567 3145 670 3216 his
704 3143 1148 3237 philosophi,
1185 3157 1252 3214 et
1281 3145 1477 3214 sto'l'ci
1511 3197 1530 3231 ‚
1584 3157 1653 3214 et
1688 3144 1838 3237 peri
1896 3170 1967 3214 a-

368 3237 562 3305 iet'ici
611 3235 964 3327 plerique,
1005 3237 1473 3307 consentiunt.
1512 3242 1637 3309 ‘Ac
1669 3261 1777 3312 me
1836 3170 1891 3308 X
1934 3273 1965 3292 -·

433 3391 494 3526 ἱι
522 3390 543 3456 )
570 3387 702 3442 Vide
723 3389 814 3440 lib.
836 3409 883 3442 α.
909 3391 970 3442 de
993 3392 1131 3444 Orat.
1157 3392 1221 3445 30
1240 3431 1257 3466 ‚
1281 3393 1338 3446 31
1360 3393 1490 3468 ¹fla.

473 3454 534 3521 α)
573 3473 592 3506 x
634 3455 695 3507 de
713 3456 1012 3514 Inventione
1031 3495 1048 3526 ,
1070 3458 1126 3524 6.
