2175 3809
388 296 479 368 36
824 297 1008 365 Lus.
1055 297 1108 364 1.
1159 298 1338 364 Cu.
1387 294 1523 362 IX.
1749 361 1758 372 ,

382 391 579 475 eujus
628 411 707 455 ea
747 409 897 478 quae
944 398 1219 456 centum
1263 384 1595 454 continete
1625 387 1728 452 Ita
1765 383 1978 476 quid-

382 477 554 570 quid
606 477 834 547 sormae
885 476 1202 570 quadrati
1255 475 1669 560 detraxeris,
1720 499 1824 544 am
1887 474 1977 544 li·-

388 568 928 662 tudiniquoque
960 567 1237 660 peribit.
1262 573 1448 672 Ergo
1473 565 1678 636 etiam
1711 564 1786 634 id
1861 565 1974 635 eri

352 666 606 752 'potest
648 712 668 744 ‚
734 671 810 728 ut
862 663 1118 746 majore
1178 657 1474 728 circuitu
1534 657 1761 726 minor
1823 655 1974 726 loci

380 749 763 842 amplitudo
798 747 1179 820 cla-udatur.
1216 756 1372 820 Hoc
1405 748 1476 818 in
1514 747 1762 840 planis.
1785 754 1974 816 Nam

320 881 323 884 ·
380 841 456 910 in
516 840 807 913 collibus
869 839 1302 935 vallibusque
1354 838 1561 910 etiam
1640 839 1730 910 im
1783 838 1974 908 crito

390 944 625 1024 patet,
668 932 822 1024 plus
861 937 959 1017 (1)
997 931 1126 1001 soli
1161 957 1303 1002 esse
1328 984 1348 1016 ‚
1397 956 1602 1025 quam
1639 957 1734 1000 coe
1767 929 1811 999 i..

474 1021 715 1111 Quid?
750 1021 941 1114 quod
976 1049 1048 1092 se
1082 1021 1322 1092 eadem-
1361 1022 1732 1114 geometria
1765 1019 1972 1090 'tollit

381 1111 468 1181 ad
513 1113 852 1182 rationem
898 1121 1111 1206 usque
1145 1113 1382 1183 mundi
1417 1166 1437 1198 ‚
1481 1115 1550 1181 in
1589 1138 1760 1204 qua,
1804 1137 1972 1182 cum

380 1202 681 1274 siderum
716 1216 935 1275 certos
969 1205 1512 1296 constitutosque
1546 1229 1782 1272 cursus
1815 1227 1973 1271 nu·-

375 1294 586 1364 meris
634 1295 873 1382 docet,
916 1294 1242 1366 discimus
1290 1294 1464 1364 nihil
1513 1320 1656 1364 esse
1695 1293 1968 1364 inordi-

312 1403 342 1416 ““
372 1399 618 1456 natum
656 1399 857 1480 atque
896 1386 1296 1456 fortuitum:
1325 1386 1510 1478 quod
1538 1385 1761 1476 ipsum
1781 1410 1967 1454 non·-

332 1500 734 1569 ·nunquam
780 1477 1125 1569 pertinere
1181 1477 1272 1546 ad
1323 1489 1664 1545 oratorem
1707 1488 1964 1568 potest:

378 1572 491 1636 An
519 1591 703 1651 vero,
717 1592 870 1636 cum
895 1574 995 1652 (2)
1012 1567 1313 1637 Pericles
1329 1567 1784 1636 Athenienses
1801 1567 1971 1637 solis

374 1655 856 1728 obscuratione
912 1658 1230 1741 territos,
1301 1657 1590 1727 redditis
1643 1661 1788 1745 ejus
1857 1657 1962 1727 rei

374 1747 599 1818 causis
620 1801 639 1834 ‚
679 1761 865 1822 metu
896 1747 1254 1842 liberavit3
1283 1762 1402 1820 aut
1436 1773 1592 1818 cum
1619 1747 1964 1839 Sulpitius

371 1837 491 1910 ille
542 1837 781 1910 Gallus
831 1841 903 1909 in
947 1840 1250 1910 exercitu
1303 1846 1384 1909 L.
1411 1839 1620 1908 Pauli
1656 1837 1740 1906 de
1777 1838 1960 1908 lunae

372 1929 763 2001 defectione
822 1930 1182 2016 disseruit,
1233 1957 1320 2000 ne
1383 1931 1569 2002 velut
1629 1927 1958 2023 prodigio

370 2021 707 2116 divinitus
736 2023 915 2092 sacto
941 2023 1242 2092 militum
1267 2019 1478 2092 animi
1498 2032 1960 2104 terrerentur,

368 2138 513 2182 non
570 2112 851 2183 videtur·
902 2139 1046 2183 esse
1104 2139 1264 2184 usus
1325 2111 1616 2184 oratoris
1670 2111 1900 2180 officio
1933 2120 1962 2180 ἓ

368 2202 580 2292 Quod
639 2205 696 2272 si
758 2203 992 2274 Nicias
1046 2202 1138 2274 in'
1185 2204 1418 2274 Sicilia
1473 2203 1750 2285 scisset,
1812 2226 1956 2272 non

368 2295 611 2365 eodem
632 2294 957 2364 confusus
976 2307 1162 2364 metu
1184 2295 1720 2390 pulcherrimum
1739 2292 1962 2362 Athe-

367 2383 718 2456 niensium
798 2387 1168 2458 exercitum
1230 2387 1638 2480 perdidisset
1691 2411 1711 2469 3
1777 2385 1960 2454 sicu-t

365 2476 557 2546 Dion
586 2531 605 2560 ‚
654 2503 809 2546 cum
842 2477 927 2547 ad
972 2477 1460 2566 destruendam
1487 2476 1810 2569 Dionysii
1847 2489 1960 2568 ty-

366 2567 729 2637 rannidem
780 2569 1007 2653 venit,
1042 2595 1184 2638 non
1225 2583 1327 2643 est
1361 2569 1480 2638 tali
1534 2595 1686 2653 casu
1727 2567 1958 2652 deler-

294 2654 305 2749 J
364 2658 561 2726 ritus,
623 2658 776 2744 Sint
837 2661 1142 2753 exempla
1205 2659 1365 2729 licet
1441 2686 1601 2730 usus
1671 2658 1956 2743 bellici,

363 2755 993 2843 transeamusque„
1038 2751 1226 2843 quod
1275 2751 1719 2822 Archimedes
1771 2776 1956 2820 unus

363 2837 797 2909 obsidionem
905 2847 1394 2933 Syracusarum
1473 2843 1569 2912 ’in
1672 2842 1956 2934 longius

354 2929 560 3001 traxit
601 2956 631 2999 r
664 2929 837 3000 illud
884 2932 983 3000 uti
1036 2958 1120 3006 ue
1157 2937 1294 3022 jam
1377 2933 1680 3025 roprium
1717 2945 1818 3003 est
1865 2932 1954 3002 ad

356 3020 800 3093 efficiendum
853 2959 1039 3116 quod
1107 3023 1298 3093 inten
1343 3027 1572 3109 imm,
1621 3024 1954 3123 plurimas

359 3255 375 3270 ⁸
419 3201 443 3252 (
464 3211 485 3243 1
515 3201 550 3270 )·
564 3195 685 3246 Eam
709 3195 857 3272 coeli,
878 3196 987 3248 sive
1004 3197 1132 3248 ae‘ris
1147 3235 1167 3266 ,
1183 3211 1369 3264 partem
1391 3237 1406 3262 ‚
1427 3217 1541 3266 quae
1559 3197 1824 3265 respondet
1845 3199 1954 3248 solo

354 3273 409 3308 m
440 3258 646 3309 collibus
670 3275 718 3310 et
739 3263 970 3326 valhbus,
994 3281 1095 3314 esse
1114 3264 1284 3314 minus
1311 3278 1575 3332 patentem.
1805 3284 1816 3287 ·

419 3321 513 3390 (a)
538 3326 613 3374 De
640 3325 827 3377 Pericle
848 3330 993 3379 Gallo
1034 3347 1098 3379 ue
1125 3330 1340 3397 Sulpitio
1361 3330 1475 3380 vide
1494 3326 1750 3381 Valerium
1765 3328 1854 3378 lib.
1882 3327 1918 3379 8
1936 3368 1958 3392 ,

364 3403 379 3414 ··
436 3405 455 3438 ι
472 3405 516 3439 1.
544 3389 607 3438 de
640 3391 783 3441 Nicia
812 3391 995 3462 Thucy
1036 3395 1110 3450 id.
1135 3395 1229 3447 lib.
1259 3411 1304 3463 2.
1330 3397 1392 3445 de
1415 3394 1578 3452 Dione
1600 3393 1952 3450 Plutarchum.
