2175 3809
505 192 677 282 xxxij
959 196 1564 263 PnAErArxo.

483 284 718 355 -hoece
744 284 1076 375 opusculo
1096 336 1114 367 ‚
1140 282 1259 353 sed
1277 336 1295 366 ,
1326 294 1521 353 utest
1549 281 1621 351 in
1646 280 2068 369 Rhetoricae

505 376 859 467 praeceptis
911 374 1403 455 versatissimus
1443 425 1464 458 ‚
1530 385 1598 443 et
1654 399 1775 465 per
1838 374 2066 443 olitus

451 520 462 527 .
505 465 694 535 omni
769 492 972 536 enere
997 463 1552 553 eruditioniS‚ad
1580 490 1659 535 ex
1708 490 1743 533 e
1800 464 2066 535 iendas

501 492 1650 628 Fabiidifficultatesmaximofuita
1702 561 2062 644 jumento,

595 656 754 719 Non
767 647 1211 739 dissimulabo
1226 659 1453 717 tamen
1464 648 1791 738 plurimas
1810 646 2063 735 adhuc

505 765 856 831 superesse
883 739 1384 828 obscuritatum
1420 736 1767 831 ambageS‚
1784 762 1880 807 ex
1900 738 2063 831 qui-

501 828 662 914 buS,
693 842 795 899 t‘ot
819 830 981 901 licet
1009 829 1341 923 praesidiis
1368 830 1641 918 adjutus
1661 882 1679 916 ‚
1705 830 2060 900 extricare

503 947 610 991 me
637 928 1064 1028 nequaquam
1089 921 1423 992 valuerim
1458 948 1473 990 ι
1508 920 1756 1014 quibus
1774 920 1857 991 in
1880 920 2061 991 locis

493 1012 680 1106 ,nihi-l
715 1025 907 1105 potui
935 1012 1127 1083 aliud
1152 1016 1357 1107 quam
1386 1012 1509 1082 ‘rei
1563 1011 2057 1083 difficultatem

504 1116 573 1173 et
621 1104 1082 1197 ignorantiam
1146 1130 1365 1173 meam
1418 1102 1758 1173 confiteri.
1810 1104 2059 1175 Multa

504 1194 768 1269 scilicet
830 1196 1013 1291 apud
1046 1195 1341 1283 Fabium
1381 1195 1621 1266 vitiata
1668 1195 2056 1287 proculdu-

503 1284 627 1356 bio
661 1301 728 1357 et
765 1301 1086 1381 corrupta
1118 1288 1372 1377 injuria
1396 1298 1781 1378 temporum
1806 1311 2057 1359 occur-

503 1392 668 1448 runt
691 1431 710 1464 ‚
745 1404 892 1471 quae
916 1378 1359 1459 vetustissimi
1391 1377 1681 1466 alicujus
1704 1394 1772 1447 et
1790 1404 2050 1449 emen-

503 1469 837 1539 datissimi
875 1468 1147 1539 Codicis
1201 1468 1423 1538 lucem
1480 1493 1560 1538 ac
1591 1466 1795 1538 fidem
1842 1470 2051 1541 valde
2121 1546 2122 1553 ἵ

505 1559 920 1630 desiderant.
969 1558 1225 1629 Perdiu
1316 1558 1545 1627 uidem
1593 1558 1807 1629 habui
1860 1562 2049 1631 inter

503 1676 748 1721 manus
779 1650 1034 1743 Regios
1061 1663 1129 1719 et
1152 1650 1274 1719 Col
1308 1650 1585 1720 'ertinos
1610 1651 1807 1721 Fabii
1834 1652 2048 1723 Codi-

487 1768 616 1826 ces
656 1743 1205 1835 ,gnan'uscriptosr
1249 1740 1382 1811 Sed
1443 1741 1595 1811 cum
1628 1754 1796 1815 tunc
1838 1767 2049 1815 com-

503 1834 1125 1925 missae⁷juventutis
1158 1859 1323 1904 cura
1346 1845 1567 1903 totum
1584 1860 1692 1905 me
1728 1834 1862 1904 sibi
1889 1837 2047 1907 vin-

504 1926 808 2011 dicaret,
842 1952 983 2018 non
1015 1925 1208 2019 potui
1248 1926 1560 1995 conferre
1588 1952 1741 1994 cum
1768 1926 1867 1997 eis
1896 1926 2039 1997 nisi

499 2016 908 2116 difficillima
979 2016 1237 2084 uaedam
1258 2028 1327 2083 et
1352 2014 1829 2085 obscurissima
1852 2016 2006 2089 loca
2017 2043 2041 2103 3

503 2133 635 2175 nec
666 2108 814 2197 opis
843 2107 912 2174 in
945 2131 1005 2194 *e
1034 2103 1324 2173 multum
1356 2117 1423 2173 et
1454 2104 1690 2174 auxilii
1720 2112 2037 2193 accessit,

505 2200 660 2267 cum
695 2220 929 2286 eorum
957 2194 1471 2287 antiquissimus
1499 2196 1678 2267 ultra
1702 2200 2041 2295 quingen-

503 2300 612 2358 tos
645 2288 786 2358 fere
812 2312 1030 2381 anJios
1063 2312 1207 2355 non
1242 2299 1572 2359 excurrat.
1616 2327 1620 2329 -

595 2381 768 2449 Cum
832 2378 1046 2471 igitur
1114 2391 1221 2448 tot
1293 2378 1696 2450 vulneribus
1772 2383 2035 2454 mederi

505 2468 786 2541 aliunde
813 2496 954 2539 non
981 2496 1247 2563 possem
1268 2522 1286 2555 ,
1317 2496 1589 2541 necesse
1625 2472 1757 2540 fuit
1790 2476 2035 2564 saepius
2121 2528 2122 2535 κ

507 2568 900 2653 conjectura
923 2562 1064 2631 uti:
1083 2560 1519 2655 eaquecessit
1537 2560 1905 2653 aliquando
1925 2579 1946 2646 ,’
1970 2566 2031 2635 si

505 2655 824 2747 non-ipse
857 2652 1023 2739 mihi
1049 2654 1338 2723 nimium
1369 2651 1725 2737 blandior,
1753 2654 1909 2739 satis
1930 2656 2033 2723 fe-
2120 2658 2123 2671 ’

503 2746 752 2829 liciter.
777 2745 1079 2817 Plurima
1104 2744 1454 2815 certe'loca
1475 2744 1752 2814 mutatis
1770 2744 2027 2837 aliquot
2121 2746 2122 2801 ἶ

504 2838 804 2925 voculis,
824 2850 942 2907 aut
967 2838 1169 2907 etiam
1196 2834 1899 2927 interpunctionibus,
1926 2851 2027 2907 ut·
2121 2886 2122 2889 κ

507 2957 778 3025 cunque
813 2928 1089 2999 sanitati
1150 2927 1455 3011 restitui,
1511 2951 1803 3017 quorum
1852 2928 2024 2999 indi·
2120 2944 2122 3015 l

509 3050 653 3093 cem
687 3020 1023 3115 posterior
1051 3023 1315 3087 Tomus
1354 3016 1773 3101 continebit,
1854 3032 1925 3088 ut
1957 3032 2024 3090 et
2120 3016 2122 3075 ἶ

509 3140 747 3185 eorum
775 3166 794 3196 ,
829 3136 974 3203 quae
1015 3108 1349 3201 explicare
1398 3132 1539 3177 non
1571 3108 1787 3197 potui.
1837 3117 2019 3183 Nun·
2120 3136 2122 3199 ἵ

504 3199 715 3301 ‘quam
745 3216 974 3276 tamen
1005 3225 1211 3273 ausus
1238 3212 1499 3303 mutare
1550 3200 1917 3295 quidquam
1948 3203 2016 3275 in
