2175 3809
294 261 449 349 ἔρρ’
712 270 886 339 Lu.
933 271 1019 337 V.
1066 270 1249 339 Car.
1297 270 1478 339 XIL

300 364 515 434 locus.
560 358 693 429 Sed
727 359 1079 449 utriusque
1125 359 1367 429 similis
1399 359 1710 431 conditio
1755 372 1894 452 est&
1929 416 1934 423 .

300 456 541 545 Neque
583 476 742 521 vero
780 448 860 519 ex
908 448 1061 521 aliis
1093 449 1255 523 locis
1296 452 1474 521 ratio
1509 478 1894 545 argumen-

304 559 537 617 torum
573 543 645 611 in
694 542 823 611 hac
854 554 1044 635 parte
1078 542 1222 634 peti
1273 556 1495 635 potest
1523 596 1542 626 .,
1575 569 1779 636 quam
1819 543 1898 612 in

310 633 831 707 confirmatione
874 660 897 717 ;
954 659 1079 703 nec
1119 632 1408 703 locorum
1451 646 1569 703 aut
1619 646 1901 711 senten·-

309 728 601 809 riarum,
652 736 768 793 aut
806 724 1170 793 verborum
1221 738 1288 793 et
1337 723 1712 817 figurarum
1761 724 1904 793 alia

318 816 629 888 conditio
664 827 785 885 est.
810 815 1136 898 Affectus.
1153 815 1552 909 plerumque
1579 816 1720 885 haec
1745 839 1908 907 pars

314 908 629 979 mitiores
658 905 888 975 habet.

390 1005 610 1068 I.Non
626 998 772 1066 sine
794 1020 995 1065 causa
1020 1008 1247 1065 tamen
1269 994 1616 1065 difficilius
1633 1017 1902 1088 semper

314 1102 443 1160 'est
463 1088 797 1157 creditum
836 1086 1066 1180 (quod
1099 1088 1340 1157 Cicero
1369 1114 1537 1179 saepe
1563 1094 1900 1172 testatur)

320 1179 731 1263 defendere,
764 1204 963 1271 quam
993 1179 1652 1249 accusare.Primum
1673 1232 1692 1263 ‚
1719 1177 1911 1271 quod

324 1284 436 1343 -est
481 1295 587 1341 res
636 1270 754 1339 illa
790 1270 1208 1362 simplicior,
1260 1271 1668 1362 proponitur
1721 1269 1910 1357 enim

316 1360 474 1433 ¹'uno
509 1361 712 1431 modo
770 1389 786 1431 ε
828 1361 1011 1431 varie
1048 1360 1442 1431 dissolvitur
1473 1413 1493 1447 ‚
1525 1387 1678 1431 cum
1717 1386 1916 1431 accu-

334 1454 543 1523 satori
578 1453 738 1523 satis
775 1453 860 1521 sit
888 1452 1321 1544 plerumque,
1347 1478 1582 1522 verum
1619 1450 1766 1521 esse
1799 1450 1912 1535 id,

304 1556 325 1619 ”,
384 1542 521 1613 uod
578 1543 951 1631 objecerit3
992 1538 1322 1635 patron‘us
1373 1568 1456 1612 ne
1507 1555 1610 1627 et,
1657 1542 1917 1612 desen-

336 1571 459 1704 Ἄτη
489 1686 506 1715 ,
578 1632 942 1702 transferat
981 1685 1001 1717 ‚
1058 1645 1329 1702 excuset
1360 1687 1380 1719 ‚
1486 1646 1842 1725 eprecetur
1891 1686 1917 1719 ‚

340 1724 605 1795 molliat
632 1776 649 1808 ‚
704 1724 969 1793 minuat
999 1776 1018 1807 ‚
1061 1736 1320 1793 avertat
1348 1777 1368 1808 ‚
1397 1724 1766 1817 despiciat,
1796 1724 1920 1793 de-

341 1816 564 1886 rideat
592 1841 607 1883 =
643 1840 849 1921 quare
880 1821 981 1901 (1)
1014 1814 1349 1899 indirecta
1379 1815 1516 1885 fere
1538 1867 1555 1899 ‚
1581 1828 1806 1907 atque,
1838 1828 1922 1885 ut

346 1907 443 1977 sic
472 1906 754 1977 dixerlm
776 1960 793 1991 ‚
830 1906 1124 1977 clamosa
1148 1919 1250 1976 est
1277 1912 1476 1997 actio.
1505 1906 1694 1990 Hi‘nc
1727 1906 1922 1991 mille

342 1998 675 2085 flexus-et
710 2012 885 2067 artes
920 1997 1416 2069 desiderantur.
1630 2068 1636 2073 ,

400 2168 405 2171 ,
441 2096 625 2169 Tum
691 2103 1041 2158 accusator
1089 2088 1551 2181 praemeditata
1595 2089 1928 2182 pleraque

326 2179 553 2250 -domo
608 2180 804 2259 affert
852 2206 867 2247 z
914 2192 1243 2270 patronus
1295 2180 1500 2249 etiam
1543 2179 1928 2273 inopinatis

344 2269 741 2361 frequenter
763 2269 1083 2339 occurrit.
1103 2276 1477 2340 Accusator
1499 2271 1617 2339 dat
1636 2284 1880 2341 testem
1901 2298 1926 2339 t

348 2372 681 2453 patronus
742 2386 823 2428 ex
879 2385 951 2429 re
1006 2360 1153 2453 ipsa
1217 2361 1490 2430 refellit.
1545 2366 1928 2432 Accusator

353 2451 715 2521 criminum
772 2449 1075 2536 invidia,
1118 2452 1243 2521 etsi
1297 2452 1462 2521 salsa
1515 2452 1648 2537 sit,
1693 2465 1928 2521 mate-

346 2540 521 2611 riam
556 2540 828 2611 dicendi
869 2540 1078 2612 trahit
1101 2596 1120 2627 ‚
1156 2541 1240 2611 de
1272 2542 1683 2634 parricidio,
1723 2542 1938 2613 sacri-

350 2632 572 2725 legio,
634 2636 979 2720 majestate
1031 2660 1045 2701 :
1111 2659 1256 2724 quae
1313 2646 1604 2725 patrono
1655 2647 1929 2703 tantum

348 2722 665 2816 neganda
739 2735 921 2791 sunt.
994 2723 1292 2829 Ideoque
1376 2723 1935 2795 accusationibus

350 2815 556 2884 etiam
605 2812 978 2883 mediocres
1012 2815 1087 2882 in
1128 2814 1421 2885 dicendo
1469 2818 1934 2901 suffecerunt:

348 2904 575 2975 bonus
615 2903 937 2975 defensor
978 2930 1180 2974 nemo
1208 2958 1228 2991 ‚
1274 2906 1408 2975 nisi
1493 2906 1564 2975 ui
1601 2906 1937 2998 eloquen-

348 2996 655 3065 tissimus
692 2995 842 3064 fuit.
890 2996 1063 3065 Nam
1093 3049 1112 3080 ‚
1159 3008 1277 3083 ut,
1311 2932 1498 3088 quo‘d
1531 2997 1790 3079 sentin,
1825 3022 1940 3066 se-

352 3086 485 3156 mel
519 3086 789 3172 finiam,
826 3098 1021 3155 tanto
1044 3099 1148 3157 est
1171 3112 1488 3158 accusare
1512 3140 1532 3173 ‚
1577 3112 1780 3181 quam
1813 3086 1939 3157 de-

346 3304 361 3319 ·
414 3243 501 3309 (1)
521 3245 625 3292 Hoc
644 3242 1021 3309 intelligentam
1042 3244 1106 3295 de
1123 3245 1318 3309 actione
1336 3245 1536 3313 patroni
1551 3282 1568 3311 ‚
1585 3246 1681 3313 qui
1695 3262 1822 3312 sape
1833 3244 1936 3297 ob-

346 3318 469 3367 jecta
494 3306 704 3357 crimina
734 3326 833 3356 non
892 3310 1017 3361 alam
1057 3310 1145 3362 sed
1176 3310 1419 3365 indirecte
1449 3312 1632 3379 diluit,
1656 3323 1706 3363 et
1724 3326 1943 3379 magum

328 3385 469 3437 napo
489 3372 722 3423 clamores
746 3372 867 3423 adiu
932 3386 967 3425 t.
1706 3402 1712 3409 ·
