2175 3809
315 320 328 334 κ
394 290 399 293 ·
444 270 581 353 372
855 268 1039 333 Lus.
1085 268 1219 331 vl.
1283 266 1468 331 Cn.
1518 266 1604 329 V.
2130 316 2131 333 ,

440 352 815 448 quamlibet
858 353 1089 423 multis
1123 352 1446 445 exemplis
1493 352 1834 423 sufficeret
1869 378 2026 422 ora-
2130 388 2131 401 κ

438 448 561 515 tio,
617 452 789 515 Nam
844 445 1030 538 quod
1086 447 1158 514 in
1207 470 1290 515 eo
1336 443 1678 513 consilium
1729 444 2018 513 maxime

438 538 648 608 mirer
679 538 705 604 ?
738 538 1115 628 primamne
1153 541 1634 627 ‚expositionem
1661 588 1678 619 ‚
1709 560 1847 629 qua
1880 562 2022 605 ma.-

435 630 561 715 tri,
586 634 777 716 cujus
803 627 1023 698 filium
1045 628 1396 721 premebat
1426 628 1799 698 auctoritas
1821 680 1840 711 ‚
1875 626 2022 697 abs-

434 720 598 790 tulit
632 718 837 789 fidem
874 722 901 788 ?
942 746 1029 788 an
1071 719 1257 812 quod
1289 720 1471 788 idem
1501 719 1805 810 corrupti
1839 718 2023 806 judi-

436 811 525 881 cii
558 812 814 884 crimen
844 810 1214 881 transferre
1254 810 1324 879 in
1367 808 1828 881 adversarium
1875 834 2020 878 ma-

434 900 612 987 luit,
666 928 869 995 quam
928 928 1178 995 negare
1248 915 1526 995 propter
1589 900 2020 973 inveteratam

438 999 561 1076 (ut
607 993 748 1099 ipse
783 994 997 1080 dicit)
1037 994 1386 1086 irfimziam
1423 1002 1448 1063 ἓ
1479 1018 1564 1061 an
1605 994 1792 1086 quod
1829 994 1902 1063 in
1943 1018 2016 1061 re

430 1082 773 1154 invidiosa
800 1084 969 1177 legis
994 1085 1247 1154 auxilio
1279 1084 1644 1155 novissime
1670 1098 1772 1153 est
1799 1109 1963 1153 usus
1991 1092 2018 1153 ἰ’

430 1201 569 1266 quo
604 1200 851 1268 genere
888 1175 1312 1269 defensionis
1361 1177 1566 1245 etiam
1614 1174 2018 1245 offendisset

430 1266 741 1337 nondum
775 1267 1210 1360 praemollitas
1244 1267 1549 1356 judicum
1583 1280 1846 1336 menies
1883 1294 1896 1335 :
1925 1291 2015 1335 an

428 1358 618 1448 quod
666 1358 963 1450 seipsum
999 1358 1220 1430 invito
1261 1358 1582 1429 Cluentio
1627 1359 1850 1429 facere
1887 1370 2016 1427 tes-

426 1460 611 1518 tatus
644 1461 745 1518 est
776 1460 801 1519 ?
1106 1508 1117 1518 ,.

520 1541 710 1627 Quid
749 1568 873 1631 pro
902 1540 1168 1611 Milone
1209 1540 1446 1632 ?quod
1482 1567 1620 1611 non
1657 1552 1818 1609 ante
1852 1566 2010 1609 nar-

420 1631 647 1715 ravit,
706 1657 911 1723 quam
967 1629 1404 1723 piaejudiciis·
1441 1631 1762 1702 omnibus
1816 1658 2010 1701 reum

424 1719 751 1791 liberaret
795 1732 821 1793 ἲ
868 1723 1055 1816 quod
1109 1722 1514 1793 insidiarum
1567 1724 1902 1796 invidiam
1938 1725 2011 1793 in

422 1812 742 1882 Clodium
778 1815 983 1885 vertit
1012 1825 1039 1884 ἐ’
1070 1840 1254 1907 quan
1310 1842 1462 1885 uam
1495 1841 1566 1885 re
1597 1842 1757 1887 vera
1786 1816 2011 1883 fuerat

420 1928 654 1998 pugna
685 1906 967 1975 fortuita
998 1932 1015 1975 ε
1046 1906 1234 1996 quod
1297 1919 1525 1976 actum
1559 1921 1626 1977 et
1660 1905 2009 1991 laudavit,

422 2008 493 2063 et
553 2010 782 2067 tamen
838 1995 1264 2067 voluntatem
1313 1994 1604 2065 Milonis
1657 1997 2010 2068 removit?

418 2087 607 2177 quod
657 2087 759 2158 illi
788 2112 1045 2179 ‘preces
1080 2114 1221 2156 non
1256 2086 1490 2173 dedit,
1545 2100 1612 2157 et
1653 2087 1724 2159 in
1767 2114 2004 2159 earum

418 2176 647 2245 locum
686 2177 828 2268 ipse
860 2178 1188 2249 successit
1217 2181 1243 2247 ?
1397 2236 1406 2241 r

508 2267 690 2337 nlud
722 2269 949 2340 dicere
984 2271 1146 2339 satis
1178 2270 1440 2358 bahem
1473 2270 1648 2341 nihil
1682 2296 1828 2341 esse
1861 2298 2002 2342 non

417 2360 623 2429 modo
670 2360 741 2429 in
770 2360 1075 2445 orando'‚
1112 2362 1232 2432 sed
1267 2364 1338 2431 in
1373 2365 1558 2436 omni
1592 2365 1770 2447 vita,
1811 2364 2002 2454 prius

418 2450 729 2531 consilio;
787 2452 1172 2543 frustraque
1221 2454 1368 2525 sine
1405 2482 1486 2525 eo
1511 2455 1690 2524 tradi
1729 2468 2000 2524 caeteras

417 2548 645 2626 artes,
697 2542 983 2634 plusque
1016 2544 1122 2616 vel
1173 2546 1319 2614 sine
1357 2547 1670 2618 doctrina
1705 2545 2004 2636 pruden-

412 2631 611 2719 tiam,
650 2660 852 2725 quam
880 2634 1025 2705 sine
1060 2636 1430 2727 prudentia
1473 2638 1694 2707 facere
1745 2636 2001 2707 doctri-

412 2748 575 2792 nam
605 2750 625 2807 ;
664 2738 944 2831 apparet
969 2726 1174 2797 etiarn
1207 2730 1588 2799 orationem
1621 2754 2000 2798 accommo-

410 2813 594 2883 dare.
638 2815 850 2902 Ιοοιε,
907 2819 1328 2910 temporibus
1361 2872 1380 2903 ‚
1435 2820 1789 2910 personis,
1852 2845 1998 2889 esse

410 2904 715 2994 ejusdem
749 2908 1045 2979 virtutis.
1070 2910 1206 2979 Sed
1231 2910 1344 2981 hie
1368 2912 1530 3004 quia
1561 2912 1769 2981 latius
1801 2909 1994 2981 susus

410 3009 512 3065 est
543 2996 760 3085 locus,
796 2998 1167 3095 mistusque
1201 3028 1354 3072 cum
1377 3002 1778 3085 eloculionc,
1819 3013 1994 3071 trac-

406 3088 669 3158 tabitur
703 3141 721 3174 ,
772 3116 925 3161 cum
968 3095 1334 3187 praecipere
1376 3094 1462 3165 de
1501 3108 1656 3189 apte
1691 3094 1992 3167 dicendo

416 3183 521 3262 (1)
577 3182 1001 3273 coeperimus.

474 3315 579 3384 (1)
611 3319 725 3370 Lib.
761 3334 840 3369 11.
874 3340 985 3390 cap.
1016 3342 1063 3377 ι.

747 3459 1008 3539 xnus*
1052 3466 1274 3515 ΤΟΜΙ
1343 3468 1636 3518 rnxml.
