2175 3809
810 250 1296 322 Pnommum.
1537 267 1544 273 ·
1698 248 1831 316 δἐι

248 344 440 441 'genii
470 396 489 433 ‚
523 366 664 416 non
680 342 887 413 modo
912 342 999 412 ad
1022 336 1499 435 percipiendas
1531 334 1832 435 discipli-

236 464 378 509 -nas
389 490 410 522 ,
440 464 577 532 quo
598 435 777 506 nihil
802 434 1232 527 praestantius
1259 433 1584 523 cognovi,
1619 434 1833 525 pluri·

251 554 366 601 ma
384 556 460 599 ex
471 542 697 621 pertus
722 579 741 611 ‚
758 525 1106 618 studiique
1125 528 1260 614 jam
1279 538 1424 593 tum
1444 549 1582 593 non
1612 526 1831 596 coacti

256 621 543 703 (sciunt
565 629 1011 712 praeceptores
1033 624 1061 701 )
1090 668 1110 701 ‚
1139 615 1257 685 sed
1275 614 1668 707 probitati5‚
1696 618 1837 711 pie-

248 712 416 781 tatis
434 764 453 797 ,
488 709 934 780 humanitatis
952 762 971 791 ‚
1000 707 1455 777 liberalitatis.

348 810 444 873 Ut
478 826 755 895 prorsus
786 800 997 891 possit
1041 799 1208 869 hinc
1232 824 1375 867 esse
1402 798 1574 869 tanti
1611 796 1836 869 fulmi-

248 894 365 965 nis
390 906 638 978 metus,
657 887 844 984 quod
867 890 1304 960 observatu-m
1336 890 1477 959 fere
1507 901 1628 971 est,
1656 890 1834 961 cele-

248 989 399 1057 rius
442 983 755 1055 occidere
785 980 1175 1052 festinatam
1219 982 1720 1068 maturitatem,
1762 996 1837 1054 et

251 1103 401 1149 esse
428 1074 661 1147 nescio
690 1098 925 1167 quam,
951 1098 1097 1167 quae
1131 1100 1161 1142 s
1213 1098 1282 1143 es
1311 1085 1536 1145 tantas
1579 1075 1831 1146 decer-

300 1181 410 1254 at,
442 1165 774 1238 invidiam
798 1190 820 1251 3
862 1190 951 1235 ne
1001 1164 1158 1235 vide
1192 1165 1324 1235 icet
1355 1165 1570 1252 ultra,
1625 1188 1833 1260 quam

304 1258 521 1331 omini
577 1257 813 1328 datum
863 1267 995 1338 est,
1053 1267 1287 1325 nostra
1339 1258 1829 1347 provehantur.
1931 1304 1934 1309 -

249 1351 480 1423 Etiam
520 1348 641 1419 illa
675 1346 957 1417 fortuita
1004 1345 1293 1415 aderant
1319 1348 1590 1436 omnia,
1644 1350 1830 1423 vocis

248 1440 650 1535 jucunditas
666 1438 1071 1533 claritasque
1090 1490 1110 1523 ‚
1143 1438 1281 1507 oris
1309 1439 1602 1511 suavitas
1621 1495 1640 1527 ‚
1660 1442 1830 1514 etin

248 1546 684 1624 utracunque
725 1530 999 1625 lingua,
1036 1542 1361 1623 tanquam
1393 1532 1480 1601 ad
1508 1558 1655 1607 eam
1696 1533 1832 1605 de...

247 1651 438 1697 mum
469 1635 671 1694 natus
695 1635 901 1709 esset,
932 1647 1240 1715 expressa
1266 1623 1647 1717 proprietas
1685 1652 1832 1700 om-

249 1717 447 1789 nium
471 1715 875 1785 litterarum.

341 1806 477 1879 Sed
506 1806 649 1877 haec
687 1830 839 1898 spes
854 1802 1081 1875 adhuc
1109 1830 1124 1871 ι
1159 1802 1278 1874 illa
1305 1810 1564 1899 majora
1589 1859 1608 1892 ‚
1635 1833 1828 1880 cons-

252 1899 509 1983 tantia,
540 1896 864 1992 gravitas,
904 1907 1143 1966 contra
1195 1893 1466 1967 dolores
1500 1897 1704 1969 etiam
1745 1925 1828 1972 ac

247 2003 473 2062 metus
508 1986 741 2059 robur.
801 1994 975 2057 Nam
1006 2011 1144 2081 quo
1193 1986 1310 2057 ille
1358 1987 1590 2059 animo
1617 2043 1637 2076 ‚
1692 2017 1830 2084 qua

246 2082 671 2152 medicorum
694 2077 1148 2153 admiratione
1169 2080 1504 2150 mensium
1538 2096 1694 2152 octo
1719 2108 1831 2155 va-

244 2171 631 2243 letudinem
656 2171 816 2241 tulit
837 2181 865 2243 '2‘
886 2183 961 2242 ut
997 2196 1102 2240 me
1131 2171 1202 2241 in
1231 2173 1565 2266 supremis
1585 2198 1828 2245 conso-

242 2263 427 2335 latus
456 2274 606 2334 est?
626 2288 829 2355 quam
862 2262 1069 2333 etiam
1105 2262 1822 2360 deficiens‚quamque

244 2359 507 2446 (onon
539 2364 708 2421 tunc
729 2405 750 2438 ‚
780 2354 1003 2445 ipsum
1021 2354 1217 2424 illum
1249 2355 1558 2427 alienatae
1577 2360 1825 2431 mentis

244 2470 549 2517 errorem
584 2442 765 2515 circa
796 2442 973 2517 solas
994 2442 1258 2517 litteras
1283 2447 1574 2520 habuit?
1606 2458 1834 2523 Tuos-·

244 2562 336 2609 ne
368 2564 496 2631 ego
552 2542 581 2621 (
614 2541 655 2605 ὸ
684 2562 847 2607 meae
907 2562 1059 2630 spes
1110 2539 1388 2609 inanes!
1421 2549 1449 2625 )
1515 2539 1826 2613 labentes

249 2630 487 2699 oculos
508 2684 527 2715 ‚
586 2640 781 2697 tuum
834 2630 1214 2721 fugientem
1266 2630 1582 2721 spiritum
1623 2634 1774 2703 vidi·
1798 2643 1828 2703 i·

244 2726 481 2792 Tuum
518 2742 765 2827 corpus
810 2719 1141 2827 frigigium
1168 2774 1187 2805 ,
1231 2746 1567 2815 exsangue
1627 2751 1828 2796 com-
1935 2812 1946 2819 ἠ

244 2812 840 2907 plexus-‚ammam
867 2836 1171 2971 τεοιΐειζθ
1190 2865 1209 2896 ‚
1239 2838 1607 2922 auramque
1641 2843 1827 2889 com-

244 2930 525 2975 munem
550 2902 828 2973 haurire
857 2928 961 2971 am
1042 2904 1148 2973 ius
1167 2905 1358 2997 potui
1390 2914 1416 2976 ἓ
1441 2906 1689 2999 dignus
1713 2909 1824 2982 his

246 2994 705 3079 cruciatibus,
742 3018 926 3085 quos·
975 3018 1094 3063 ero
1118 3050 1136 3075 ,
1176 2995 1425 3088 dignus
1452 2998 1557 3067 his
1592 3006 1692 3086 (2)
1711 3029 1825 3073 co-
1865 3067 1870 3073 .

242 3084 720 3181 gitationihus.
748 3090 941 3156 Tene
968 3086 1312 3159 consulari
1345 3114 1566 3182 nuper
1612 3092 1824 3189 adop-

314 3260 547 3330 (1)-Cum
566 3262 633 3311 ob
656 3261 764 3312 vim
791 3260 951 3312 morbi
974 3260 1025 3310 in
1048 3262 1230 3314 caeteris
1251 3265 1394 3313 rebus
1413 3278 1657 3331 pateretur
1689 3273 1823 3327 deli-

172 3373 177 3377 .
237 3325 375 3383 rium
399 3365 415 3391 ‚
446 3325 582 3377 circa
610 3328 730 3377 solas
759 3326 938 3378 litteras
964 3326 1176 3378 minime
1205 3328 1455 3385 delirabat.

312 3392 415 3463 (a)
444 3395 566 3465 Quae
590 3410 671 3447 me
698 3392 789 3447 diu
812 3410 869 3447 ae
900 3404 1050 3445 noctu
1070 3407 1321 3465 torquent.

1321 3468 1588 3539 ·05.
