<?xml version="1.0" encoding="UTF-8"?>
<!DOCTYPE html PUBLIC "-//W3C//DTD XHTML 1.0 Transitional//EN"
    "http://www.w3.org/TR/xhtml1/DTD/xhtml1-transitional.dtd">
<html xmlns="http://www.w3.org/1999/xhtml" xml:lang="en" lang="en">
 <head>
  <title>
</title>
<meta http-equiv="Content-Type" content="text/html;charset=utf-8" />
  <meta name='ocr-system' content='tesseract 3.04.00' />
  <meta name='ocr-capabilities' content='ocr_page ocr_carea ocr_par ocr_line ocrx_word'/>
</head>
<body>
  <div class='ocr_page' id='page_1' title='image "./mfabiiquintilia20quingoog_0353.png"; bbox 0 0 2175 3809; ppageno 0'>
   <div class='ocr_carea' id='block_1_1' title="bbox 216 279 1874 3437">
    <p class='ocr_par' dir='ltr' id='par_1_1' title="bbox 246 279 1832 816">
     <span class='ocr_line' id='line_1_1' title="bbox 624 279 1828 347; baseline 0.002 -2"><span class='ocrx_word' id='word_1_1' title='bbox 624 279 765 345; x_wconf 56' lang='lat' dir='ltr'><strong>De</strong></span> <span class='ocrx_word' id='word_1_2' title='bbox 818 280 1458 347; x_wconf 57' lang='lat' dir='ltr'><strong>Raruranonu.</strong></span> <span class='ocrx_word' id='word_1_3' title='bbox 1690 279 1828 347; x_wconf 83' lang='lat'><strong>305</strong></span> 
     </span>
     <span class='ocr_line' id='line_1_2' title="bbox 246 364 1830 458; baseline -0.001 -21"><span class='ocrx_word' id='word_1_4' title='bbox 246 388 403 437; x_wconf 82' lang='lat' dir='ltr'><strong>sam</strong></span> <span class='ocrx_word' id='word_1_5' title='bbox 454 364 633 437; x_wconf 88' lang='lat' dir='ltr'><strong>nihil</strong></span> <span class='ocrx_word' id='word_1_6' title='bbox 689 367 1128 458; x_wconf 81' lang='lat' dir='ltr'><strong>pertinentia.</strong></span> <span class='ocrx_word' id='word_1_7' title='bbox 1189 368 1432 444; x_wconf 80' lang='lat' dir='ltr'><strong>Multis</strong></span> <span class='ocrx_word' id='word_1_8' title='bbox 1480 367 1612 437; x_wconf 90' lang='lat' dir='ltr'><strong>hoc</strong></span> <span class='ocrx_word' id='word_1_9' title='bbox 1661 368 1830 437; x_wconf 85' lang='lat' dir='ltr'><strong>locis</strong></span> 
     </span>
     <span class='ocr_line' id='line_1_3' title="bbox 252 457 1830 549; baseline 0 -22"><span class='ocrx_word' id='word_1_10' title='bbox 252 458 426 527; x_wconf 74' lang='lat' dir='ltr'><strong>facit</strong></span> <span class='ocrx_word' id='word_1_11' title='bbox 459 458 747 527; x_wconf 78' lang='lat' dir='ltr'><strong>Cicero,</strong></span> <span class='ocrx_word' id='word_1_12' title='bbox 792 457 923 527; x_wconf 85' lang='lat' dir='ltr'><strong>Sed</strong></span> <span class='ocrx_word' id='word_1_13' title='bbox 973 457 1121 529; x_wconf 83' lang='lat' dir='ltr'><strong>haec</strong></span> <span class='ocrx_word' id='word_1_14' title='bbox 1170 458 1514 527; x_wconf 74' lang='lat' dir='ltr'><strong>simulatio</strong></span> <span class='ocrx_word' id='word_1_15' title='bbox 1555 458 1830 549; x_wconf 82' lang='lat' dir='ltr'><strong>interim</strong></span> 
     </span>
     <span class='ocr_line' id='line_1_4' title="bbox 249 548 1832 641; baseline 0.001 -25"><span class='ocrx_word' id='word_1_16' title='bbox 249 548 612 641; x_wconf 79' lang='lat' dir='ltr'><strong>hucusque</strong></span> <span class='ocrx_word' id='word_1_17' title='bbox 656 548 966 641; x_wconf 83' lang='lat' dir='ltr'><strong>procedit</strong></span> <span class='ocrx_word' id='word_1_18' title='bbox 996 602 1015 633; x_wconf 92' lang='lat'>‚</span> <span class='ocrx_word' id='word_1_19' title='bbox 1054 561 1170 633; x_wconf 81' lang='lat' dir='ltr'><strong>ut,</strong></span> <span class='ocrx_word' id='word_1_20' title='bbox 1203 575 1350 641; x_wconf 85' lang='lat' dir='ltr'><strong>quae</strong></span> <span class='ocrx_word' id='word_1_21' title='bbox 1400 548 1693 631; x_wconf 87' lang='lat' dir='ltr'><strong>dicendo</strong></span> <span class='ocrx_word' id='word_1_22' title='bbox 1729 574 1832 619; x_wconf 86' lang='lat' dir='ltr'><strong>re·-</strong></span> 
     </span>
     <span class='ocr_line' id='line_1_5' title="bbox 253 639 1832 732; baseline 0.002 -26"><span class='ocrx_word' id='word_1_23' title='bbox 253 639 484 707; x_wconf 80' lang='lat' dir='ltr'><strong>futare</strong></span> <span class='ocrx_word' id='word_1_24' title='bbox 534 664 675 707; x_wconf 86' lang='lat' dir='ltr'><strong>non</strong></span> <span class='ocrx_word' id='word_1_25' title='bbox 724 648 1115 731; x_wconf 85' lang='lat' dir='ltr'><strong>possumus,</strong></span> <span class='ocrx_word' id='word_1_26' title='bbox 1174 640 1366 732; x_wconf 83' lang='lat' dir='ltr'><strong>quasi</strong></span> <span class='ocrx_word' id='word_1_27' title='bbox 1417 639 1832 709; x_wconf 83' lang='lat' dir='ltr'><strong>fastidiendo</strong></span> 
     </span>
     <span class='ocr_line' id='line_1_6' title="bbox 256 729 911 813; baseline -0.001 -14"><span class='ocrx_word' id='word_1_28' title='bbox 256 729 622 813; x_wconf 64' lang='lat' dir='ltr'><strong>calcemus.</strong></span> <span class='ocrx_word' id='word_1_29' title='bbox 908 734 911 739; x_wconf 78' lang='grc'><strong>’</strong></span> 
     </span>
    </p>

    <p class='ocr_par' dir='ltr' id='par_1_2' title="bbox 246 820 1874 2087">
     <span class='ocr_line' id='line_1_7' title="bbox 355 820 1874 913; baseline 0.001 -26"><span class='ocrx_word' id='word_1_30' title='bbox 355 821 704 906; x_wconf 82' lang='lat' dir='ltr'><strong>Quoniam</strong></span> <span class='ocrx_word' id='word_1_31' title='bbox 750 846 913 890; x_wconf 82' lang='lat' dir='ltr'><strong>vero</strong></span> <span class='ocrx_word' id='word_1_32' title='bbox 946 820 1234 890; x_wconf 85' lang='lat' dir='ltr'><strong>maxima</strong></span> <span class='ocrx_word' id='word_1_33' title='bbox 1268 846 1422 913; x_wconf 85' lang='lat' dir='ltr'><strong>pars</strong></span> <span class='ocrx_word' id='word_1_34' title='bbox 1465 846 1700 891; x_wconf 86' lang='lat' dir='ltr'><strong>eorum</strong></span> <span class='ocrx_word' id='word_1_35' title='bbox 1748 820 1836 890; x_wconf 89' lang='lat' dir='ltr'><strong>si·-</strong></span> <span class='ocrx_word' id='word_1_36' title='bbox 1869 877 1874 881; x_wconf 87' lang='grc'><em>.</em></span> 
     </span>
     <span class='ocr_line' id='line_1_8' title="bbox 246 909 1830 1005; baseline 0 -26"><span class='ocrx_word' id='word_1_37' title='bbox 246 909 542 979; x_wconf 82' lang='lat' dir='ltr'><strong>milibus</strong></span> <span class='ocrx_word' id='word_1_38' title='bbox 585 922 892 994; x_wconf 84' lang='lat' dir='ltr'><strong>constat,</strong></span> <span class='ocrx_word' id='word_1_39' title='bbox 931 911 1318 981; x_wconf 85' lang='lat' dir='ltr'><strong>rimandum</strong></span> <span class='ocrx_word' id='word_1_40' title='bbox 1362 912 1494 981; x_wconf 86' lang='lat' dir='ltr'><strong>erit</strong></span> <span class='ocrx_word' id='word_1_41' title='bbox 1541 912 1830 1005; x_wconf 84' lang='lat' dir='ltr'><strong>diligen-</strong></span> 
     </span>
     <span class='ocr_line' id='line_1_9' title="bbox 252 1000 1836 1095; baseline 0.001 -26"><span class='ocrx_word' id='word_1_42' title='bbox 252 1000 521 1070; x_wconf 75' lang='lat' dir='ltr'><strong>tissime</strong></span> <span class='ocrx_word' id='word_1_43' title='bbox 548 1050 567 1085; x_wconf 84' lang='lat'>‚</span> <span class='ocrx_word' id='word_1_44' title='bbox 616 1000 783 1093; x_wconf 89' lang='lat' dir='ltr'><strong>quid</strong></span> <span class='ocrx_word' id='word_1_45' title='bbox 826 1001 913 1069; x_wconf 89' lang='lat' dir='ltr'><strong>sit</strong></span> <span class='ocrx_word' id='word_1_46' title='bbox 958 1002 1029 1070; x_wconf 90' lang='lat' dir='ltr'><strong>in</strong></span> <span class='ocrx_word' id='word_1_47' title='bbox 1071 1027 1340 1094; x_wconf 88' lang='lat' dir='ltr'><strong>quoque</strong></span> <span class='ocrx_word' id='word_1_48' title='bbox 1369 1056 1388 1085; x_wconf 83' lang='lat'>,</span> <span class='ocrx_word' id='word_1_49' title='bbox 1429 1001 1613 1095; x_wconf 90' lang='lat' dir='ltr'><strong>quod</strong></span> <span class='ocrx_word' id='word_1_50' title='bbox 1654 1028 1836 1071; x_wconf 87' lang='lat' dir='ltr'><strong>assu-</strong></span> 
     </span>
     <span class='ocr_line' id='line_1_10' title="bbox 258 1091 1842 1183; baseline 0 -24"><span class='ocrx_word' id='word_1_51' title='bbox 258 1091 476 1159; x_wconf 82' lang='lat' dir='ltr'><strong>mitur</strong></span> <span class='ocrx_word' id='word_1_52' title='bbox 500 1142 517 1175; x_wconf 85' lang='lat'><strong>‚</strong></span> <span class='ocrx_word' id='word_1_53' title='bbox 570 1091 919 1160; x_wconf 89' lang='lat' dir='ltr'><strong>dissimile.</strong></span> <span class='ocrx_word' id='word_1_54' title='bbox 954 1092 1031 1161; x_wconf 90' lang='lat' dir='ltr'><strong>Id</strong></span> <span class='ocrx_word' id='word_1_55' title='bbox 1070 1093 1144 1161; x_wconf 88' lang='lat' dir='ltr'><strong>in</strong></span> <span class='ocrx_word' id='word_1_56' title='bbox 1176 1097 1324 1181; x_wconf 83' lang='lat' dir='ltr'><strong>jure</strong></span> <span class='ocrx_word' id='word_1_57' title='bbox 1365 1094 1568 1161; x_wconf 79' lang='lat' dir='ltr'><strong>facile</strong></span> <span class='ocrx_word' id='word_1_58' title='bbox 1600 1093 1842 1183; x_wconf 46' lang='lat' dir='ltr'><strong>depr-ea</strong></span> 
     </span>
     <span class='ocr_line' id='line_1_11' title="bbox 258 1180 1834 1273; baseline 0 -24"><span class='ocrx_word' id='word_1_59' title='bbox 258 1180 613 1263; x_wconf 83' lang='lat' dir='ltr'><strong>henditur.</strong></span> <span class='ocrx_word' id='word_1_60' title='bbox 644 1187 767 1249; x_wconf 88' lang='lat' dir='ltr'><strong>Est</strong></span> <span class='ocrx_word' id='word_1_61' title='bbox 796 1182 980 1249; x_wconf 81' lang='lat' dir='ltr'><strong>enim&#39;</strong></span> <span class='ocrx_word' id='word_1_62' title='bbox 1004 1182 1333 1273; x_wconf 87' lang='lat' dir='ltr'><strong>scriptum</strong></span> <span class='ocrx_word' id='word_1_63' title='bbox 1359 1181 1442 1250; x_wconf 91' lang='lat' dir='ltr'><strong>de</strong></span> <span class='ocrx_word' id='word_1_64' title='bbox 1473 1183 1674 1251; x_wconf 87' lang='lat' dir='ltr'><strong>rebus</strong></span> <span class='ocrx_word' id='word_1_65' title='bbox 1705 1181 1834 1253; x_wconf 81' lang='lat' dir='ltr'><strong>uti-</strong></span> 
     </span>
     <span class='ocr_line' id='line_1_12' title="bbox 260 1271 1836 1365; baseline 0.001 -26"><span class='ocrx_word' id='word_1_66' title='bbox 260 1296 397 1365; x_wconf 78' lang='lat' dir='ltr'><strong>que</strong></span> <span class='ocrx_word' id='word_1_67' title='bbox 462 1271 780 1353; x_wconf 81' lang='lat' dir='ltr'><strong>diversis,</strong></span> <span class='ocrx_word' id='word_1_68' title='bbox 839 1284 1168 1362; x_wconf 84' lang='lat' dir='ltr'><strong>tantoque</strong></span> <span class='ocrx_word' id='word_1_69' title='bbox 1226 1272 1438 1361; x_wconf 85' lang='lat' dir='ltr'><strong>magis</strong></span> <span class='ocrx_word' id='word_1_70' title='bbox 1520 1272 1665 1363; x_wconf 87' lang='lat' dir='ltr'><strong>ipsa</strong></span> <span class='ocrx_word' id='word_1_71' title='bbox 1729 1296 1836 1341; x_wconf 84' lang='lat' dir='ltr'><strong>re-</strong></span> 
     </span>
     <span class='ocr_line' id='line_1_13' title="bbox 259 1360 1834 1453; baseline 0 -23"><span class='ocrx_word' id='word_1_72' title='bbox 259 1386 417 1430; x_wconf 86' lang='lat' dir='ltr'><strong>rum</strong></span> <span class='ocrx_word' id='word_1_73' title='bbox 438 1360 825 1431; x_wconf 87' lang='lat' dir='ltr'><strong>differentia</strong></span> <span class='ocrx_word' id='word_1_74' title='bbox 850 1371 1072 1453; x_wconf 82' lang='lat' dir='ltr'><strong>potest</strong></span> <span class='ocrx_word' id='word_1_75' title='bbox 1099 1386 1242 1430; x_wconf 88' lang='lat' dir='ltr'><strong>esse</strong></span> <span class='ocrx_word' id='word_1_76' title='bbox 1272 1360 1652 1431; x_wconf 83' lang='lat' dir='ltr'><strong>manifesta.</strong></span> <span class='ocrx_word' id='word_1_77' title='bbox 1677 1361 1834 1431; x_wconf 80' lang='lat' dir='ltr'><strong>Illas</strong></span> 
     </span>
     <span class='ocr_line' id='line_1_14' title="bbox 256 1450 1834 1543; baseline -0.001 -21"><span class='ocrx_word' id='word_1_78' title='bbox 256 1477 427 1522; x_wconf 81' lang='lat' dir='ltr'><strong>vero</strong></span> <span class='ocrx_word' id='word_1_79' title='bbox 458 1450 987 1539; x_wconf 82' lang='lat' dir='ltr'><strong>similitudines,</strong></span> <span class='ocrx_word' id='word_1_80' title='bbox 1022 1478 1168 1543; x_wconf 85' lang='lat' dir='ltr'><strong>quae</strong></span> <span class='ocrx_word' id='word_1_81' title='bbox 1202 1450 1550 1522; x_wconf 87' lang='lat' dir='ltr'><strong>ducuntur</strong></span> <span class='ocrx_word' id='word_1_82' title='bbox 1581 1478 1660 1521; x_wconf 86' lang='lat' dir='ltr'><strong>ex</strong></span> <span class='ocrx_word' id='word_1_83' title='bbox 1685 1477 1834 1521; x_wconf 88' lang='lat' dir='ltr'><strong>mu·-</strong></span> 
     </span>
     <span class='ocr_line' id='line_1_15' title="bbox 256 1542 1836 1627; baseline 0 -16"><span class='ocrx_word' id='word_1_84' title='bbox 256 1543 353 1611; x_wconf 86' lang='lat' dir='ltr'><strong>tis</strong></span> <span class='ocrx_word' id='word_1_85' title='bbox 404 1542 811 1612; x_wconf 83' lang='lat' dir='ltr'><strong>animalibus</strong></span> <span class='ocrx_word' id='word_1_86' title='bbox 836 1595 857 1626; x_wconf 89' lang='lat'>‚</span> <span class='ocrx_word' id='word_1_87' title='bbox 899 1554 1017 1611; x_wconf 87' lang='lat' dir='ltr'><strong>aut</strong></span> <span class='ocrx_word' id='word_1_88' title='bbox 1050 1542 1374 1613; x_wconf 88' lang='lat' dir='ltr'><strong>inanimis</strong></span> <span class='ocrx_word' id='word_1_89' title='bbox 1409 1596 1427 1627; x_wconf 88' lang='lat'>,</span> <span class='ocrx_word' id='word_1_90' title='bbox 1485 1542 1682 1613; x_wconf 87' lang='lat' dir='ltr'><strong>facile</strong></span> <span class='ocrx_word' id='word_1_91' title='bbox 1731 1556 1836 1612; x_wconf 88' lang='lat' dir='ltr'><strong>est</strong></span> 
     </span>
     <span class='ocr_line' id='line_1_16' title="bbox 260 1632 1832 1725; baseline 0.001 -23"><span class='ocrx_word' id='word_1_92' title='bbox 260 1632 565 1703; x_wconf 86' lang='lat' dir='ltr'><strong>eludere.</strong></span> <span class='ocrx_word' id='word_1_93' title='bbox 598 1633 923 1725; x_wconf 82' lang='lat' dir='ltr'><strong>Exempla</strong></span> <span class='ocrx_word' id='word_1_94' title='bbox 971 1658 1199 1723; x_wconf 66' lang='lat' dir='ltr'><strong>rerum</strong></span> <span class='ocrx_word' id='word_1_95' title='bbox 1244 1634 1431 1705; x_wconf 83' lang='lat' dir='ltr'><strong>varie</strong></span> <span class='ocrx_word' id='word_1_96' title='bbox 1477 1634 1832 1703; x_wconf 84' lang='lat' dir='ltr'><strong>tractanda</strong></span> 
     </span>
     <span class='ocr_line' id='line_1_17' title="bbox 258 1723 1833 1813; baseline 0.001 -21"><span class='ocrx_word' id='word_1_97' title='bbox 258 1737 463 1808; x_wconf 82' lang='lat' dir='ltr'><strong>sunt,</strong></span> <span class='ocrx_word' id='word_1_98' title='bbox 514 1724 568 1793; x_wconf 89' lang='lat' dir='ltr'><strong>si</strong></span> <span class='ocrx_word' id='word_1_99' title='bbox 618 1723 1015 1792; x_wconf 86' lang='lat' dir='ltr'><strong>nocebunt:</strong></span> <span class='ocrx_word' id='word_1_100' title='bbox 1061 1749 1210 1813; x_wconf 84' lang='lat' dir='ltr'><strong>quae</strong></span> <span class='ocrx_word' id='word_1_101' title='bbox 1257 1724 1313 1792; x_wconf 89' lang='lat' dir='ltr'><strong>si</strong></span> <span class='ocrx_word' id='word_1_102' title='bbox 1348 1723 1558 1793; x_wconf 87' lang='lat' dir='ltr'><strong>dubia</strong></span> <span class='ocrx_word' id='word_1_103' title='bbox 1589 1736 1833 1807; x_wconf 83' lang='lat' dir='ltr'><strong>erunt,</strong></span> 
     </span>
     <span class='ocr_line' id='line_1_18' title="bbox 260 1812 1831 1895; baseline 0.001 -13"><span class='ocrx_word' id='word_1_104' title='bbox 260 1813 575 1883; x_wconf 82' lang='lat' dir='ltr'><strong>fabulosa</strong></span> <span class='ocrx_word' id='word_1_105' title='bbox 597 1812 842 1882; x_wconf 84' lang='lat' dir='ltr'><strong>&#39;dicere</strong></span> <span class='ocrx_word' id='word_1_106' title='bbox 876 1812 1150 1883; x_wconf 87' lang='lat' dir='ltr'><strong>licebit:</strong></span> <span class='ocrx_word' id='word_1_107' title='bbox 1187 1813 1291 1881; x_wconf 87' lang='lat' dir='ltr'><strong>sin</strong></span> <span class='ocrx_word' id='word_1_108' title='bbox 1324 1838 1511 1895; x_wconf 81' lang='lat' dir='ltr'><strong>vera,</strong></span> <span class='ocrx_word' id='word_1_109' title='bbox 1549 1813 1831 1883; x_wconf 83' lang='lat' dir='ltr'><strong>maxime</strong></span> 
     </span>
     <span class='ocr_line' id='line_1_19' title="bbox 259 1901 1836 1995; baseline 0 -24"><span class='ocrx_word' id='word_1_110' title='bbox 259 1904 543 1995; x_wconf 87' lang='lat' dir='ltr'><strong>quidem</strong></span> <span class='ocrx_word' id='word_1_111' title='bbox 572 1902 949 1974; x_wconf 87' lang='lat' dir='ltr'><strong>dissimilia.</strong></span> <span class='ocrx_word' id='word_1_112' title='bbox 995 1908 1230 1994; x_wconf 87' lang='lat' dir='ltr'><strong>Neque</strong></span> <span class='ocrx_word' id='word_1_113' title='bbox 1273 1904 1454 1971; x_wconf 79' lang='lat' dir='ltr'><strong>enim</strong></span> <span class='ocrx_word' id='word_1_114' title='bbox 1501 1901 1646 1971; x_wconf 86' lang='lat' dir='ltr'><strong>fieri</strong></span> <span class='ocrx_word' id='word_1_115' title='bbox 1675 1916 1836 1993; x_wconf 83' lang='lat' dir='ltr'><strong>&#39;po-</strong></span> 
     </span>
     <span class='ocr_line' id='line_1_20' title="bbox 262 1993 1834 2087; baseline -0.001 -24"><span class='ocrx_word' id='word_1_116' title='bbox 262 2006 436 2080; x_wconf 88' lang='lat' dir='ltr'><strong>test‚</strong></span> <span class='ocrx_word' id='word_1_117' title='bbox 480 2006 555 2063; x_wconf 90' lang='lat' dir='ltr'><strong>ut</strong></span> <span class='ocrx_word' id='word_1_118' title='bbox 605 1994 795 2087; x_wconf 85' lang='lat' dir='ltr'><strong>paria</strong></span> <span class='ocrx_word' id='word_1_119' title='bbox 846 1995 983 2063; x_wconf 85' lang='lat' dir='ltr'><strong>sint</strong></span> <span class='ocrx_word' id='word_1_120' title='bbox 1031 1993 1301 2077; x_wconf 80' lang='lat' dir='ltr'><strong>omnia3</strong></span> <span class='ocrx_word' id='word_1_121' title='bbox 1337 2004 1450 2074; x_wconf 77' lang='lat' dir='ltr'><strong>ut,</strong></span> <span class='ocrx_word' id='word_1_122' title='bbox 1487 1994 1540 2061; x_wconf 87' lang='lat' dir='ltr'><strong>si</strong></span> <span class='ocrx_word' id='word_1_123' title='bbox 1590 1993 1834 2063; x_wconf 85' lang='lat' dir='ltr'><strong>Nasica</strong></span> 
     </span>
    </p>

    <p class='ocr_par' dir='ltr' id='par_1_3' title="bbox 216 2082 1856 2988">
     <span class='ocr_line' id='line_1_21' title="bbox 216 2082 1836 2177; baseline -0.002 -23"><span class='ocrx_word' id='word_1_124' title='bbox 216 2138 223 2145; x_wconf 76' lang='grc'><strong>.</strong></span> <span class='ocrx_word' id='word_1_125' title='bbox 256 2098 421 2177; x_wconf 82' lang='lat' dir='ltr'><strong>post</strong></span> <span class='ocrx_word' id='word_1_126' title='bbox 446 2084 743 2155; x_wconf 91' lang='lat' dir='ltr'><strong>occisum</strong></span> <span class='ocrx_word' id='word_1_127' title='bbox 778 2084 1160 2153; x_wconf 87' lang='lat' dir='ltr'><strong>Gracchum</strong></span> <span class='ocrx_word' id='word_1_128' title='bbox 1192 2082 1598 2152; x_wconf 82' lang='lat' dir='ltr'><strong>defendatur</strong></span> <span class='ocrx_word' id='word_1_129' title='bbox 1619 2108 1836 2151; x_wconf 79' lang='lat' dir='ltr'><strong>exem·</strong></span> 
     </span>
     <span class='ocr_line' id='line_1_22' title="bbox 260 2174 1834 2267; baseline 0 -24"><span class='ocrx_word' id='word_1_130' title='bbox 260 2175 382 2267; x_wconf 84' lang='lat' dir='ltr'><strong>plo</strong></span> <span class='ocrx_word' id='word_1_131' title='bbox 412 2174 646 2245; x_wconf 82' lang='lat' dir='ltr'><strong>Ahalae</strong></span> <span class='ocrx_word' id='word_1_132' title='bbox 670 2227 688 2259; x_wconf 92' lang='lat'>,</span> <span class='ocrx_word' id='word_1_133' title='bbox 722 2202 759 2243; x_wconf 90' lang='lat' dir='ltr'><strong>a</strong></span> <span class='ocrx_word' id='word_1_134' title='bbox 792 2202 927 2267; x_wconf 90' lang='lat' dir='ltr'><strong>quo</strong></span> <span class='ocrx_word' id='word_1_135' title='bbox 967 2174 1221 2245; x_wconf 89' lang='lat' dir='ltr'><strong>Melius</strong></span> <span class='ocrx_word' id='word_1_136' title='bbox 1257 2187 1357 2243; x_wconf 86' lang='lat' dir='ltr'><strong>est</strong></span> <span class='ocrx_word' id='word_1_137' title='bbox 1386 2174 1784 2244; x_wconf 82' lang='lat' dir='ltr'><strong>interfectus</strong></span> <span class='ocrx_word' id='word_1_138' title='bbox 1809 2199 1834 2260; x_wconf 83' lang='lat'>3</span> 
     </span>
     <span class='ocr_line' id='line_1_23' title="bbox 260 2264 1838 2357; baseline -0.001 -22"><span class='ocrx_word' id='word_1_139' title='bbox 260 2266 555 2335; x_wconf 88' lang='lat' dir='ltr'><strong>Melium</strong></span> <span class='ocrx_word' id='word_1_140' title='bbox 589 2267 781 2357; x_wconf 84' lang='lat' dir='ltr'><strong>regni</strong></span> <span class='ocrx_word' id='word_1_141' title='bbox 803 2267 1258 2335; x_wconf 85' lang='lat' dir='ltr'><strong>affectatorem</strong></span> <span class='ocrx_word' id='word_1_142' title='bbox 1295 2264 1528 2349; x_wconf 84' lang='lat' dir='ltr'><strong>fuisse,</strong></span> <span class='ocrx_word' id='word_1_143' title='bbox 1565 2289 1602 2332; x_wconf 93' lang='lat' dir='ltr'><strong>a</strong></span> <span class='ocrx_word' id='word_1_144' title='bbox 1634 2270 1838 2356; x_wconf 69' lang='lat' dir='ltr'><strong>Grac—7</strong></span> 
     </span>
     <span class='ocr_line' id='line_1_24' title="bbox 264 2354 1836 2447; baseline -0.002 -21"><span class='ocrx_word' id='word_1_145' title='bbox 264 2357 397 2427; x_wconf 87' lang='lat' dir='ltr'><strong>cho</strong></span> <span class='ocrx_word' id='word_1_146' title='bbox 422 2357 605 2447; x_wconf 83' lang='lat' dir='ltr'><strong>leges</strong></span> <span class='ocrx_word' id='word_1_147' title='bbox 637 2356 840 2423; x_wconf 90' lang='lat' dir='ltr'><strong>modo</strong></span> <span class='ocrx_word' id='word_1_148' title='bbox 867 2355 1034 2423; x_wconf 83' lang='lat' dir='ltr'><strong>latas</strong></span> <span class='ocrx_word' id='word_1_149' title='bbox 1061 2380 1216 2425; x_wconf 80' lang='lat' dir='ltr'><strong>esse·</strong></span> <span class='ocrx_word' id='word_1_150' title='bbox 1281 2355 1633 2446; x_wconf 84' lang='lat' dir='ltr'><strong>opulares;</strong></span> <span class='ocrx_word' id='word_1_151' title='bbox 1659 2354 1836 2428; x_wconf 82' lang='lat' dir='ltr'><strong>Aha-</strong></span> 
     </span>
     <span class='ocr_line' id='line_1_25' title="bbox 263 2445 1834 2538; baseline 0 -23"><span class='ocrx_word' id='word_1_152' title='bbox 263 2446 402 2516; x_wconf 85' lang='lat' dir='ltr'><strong>lam</strong></span> <span class='ocrx_word' id='word_1_153' title='bbox 447 2446 843 2538; x_wconf 86' lang='lat' dir='ltr'><strong>magistrum</strong></span> <span class='ocrx_word' id='word_1_154' title='bbox 880 2445 1185 2538; x_wconf 89' lang='lat' dir='ltr'><strong>equitum</strong></span> <span class='ocrx_word' id='word_1_155' title='bbox 1250 2446 1424 2515; x_wconf 89' lang='lat' dir='ltr'><strong>uisse</strong></span> <span class='ocrx_word' id='word_1_156' title='bbox 1453 2499 1472 2532; x_wconf 86' lang='lat'><strong><em>,</em></strong></span> <span class='ocrx_word' id='word_1_157' title='bbox 1519 2445 1834 2515; x_wconf 84' lang='lat' dir='ltr'><strong>Nasicam</strong></span> 
     </span>
     <span class='ocr_line' id='line_1_26' title="bbox 262 2536 1854 2631; baseline -0.001 -24"><span class='ocrx_word' id='word_1_158' title='bbox 262 2537 608 2631; x_wconf 80' lang='lat' dir='ltr'><strong>privatum</strong></span> <span class='ocrx_word' id='word_1_159' title='bbox 643 2562 783 2607; x_wconf 87' lang='lat' dir='ltr'><strong>esse</strong></span> <span class='ocrx_word' id='word_1_160' title='bbox 809 2591 828 2621; x_wconf 85' lang='lat'><strong>.,</strong></span> <span class='ocrx_word' id='word_1_161' title='bbox 861 2537 1150 2606; x_wconf 87' lang='lat' dir='ltr'><strong>dicatur.</strong></span> <span class='ocrx_word' id='word_1_162' title='bbox 1179 2538 1249 2605; x_wconf 89' lang='lat' dir='ltr'><strong>Si</strong></span> <span class='ocrx_word' id='word_1_163' title='bbox 1283 2536 1658 2606; x_wconf 86' lang='lat' dir='ltr'><strong>defecerint</strong></span> <span class='ocrx_word' id='word_1_164' title='bbox 1692 2561 1854 2605; x_wconf 46' lang='lat' dir='ltr'><strong>ome</strong></span> 
     </span>
     <span class='ocr_line' id='line_1_27' title="bbox 263 2625 1837 2717; baseline -0.003 -20"><span class='ocrx_word' id='word_1_165' title='bbox 263 2628 419 2713; x_wconf 81' lang='lat' dir='ltr'><strong>nia,</strong></span> <span class='ocrx_word' id='word_1_166' title='bbox 451 2641 595 2696; x_wconf 88' lang='lat' dir='ltr'><strong>tum</strong></span> <span class='ocrx_word' id='word_1_167' title='bbox 620 2627 991 2697; x_wconf 83' lang='lat' dir='ltr'><strong>videndum</strong></span> <span class='ocrx_word' id='word_1_168' title='bbox 1016 2627 1194 2711; x_wconf 81' lang='lat' dir='ltr'><strong>erit,</strong></span> <span class='ocrx_word' id='word_1_169' title='bbox 1229 2652 1314 2694; x_wconf 89' lang='lat' dir='ltr'><strong>an</strong></span> <span class='ocrx_word' id='word_1_170' title='bbox 1349 2625 1645 2694; x_wconf 82' lang='lat' dir='ltr'><strong>obtineri</strong></span> <span class='ocrx_word' id='word_1_171' title='bbox 1683 2650 1837 2717; x_wconf 81' lang='lat' dir='ltr'><strong>pos-</strong></span> 
     </span>
     <span class='ocr_line' id='line_1_28' title="bbox 264 2714 1850 2823; baseline -0.001 -36"><span class='ocrx_word' id='word_1_172' title='bbox 264 2720 393 2805; x_wconf 82' lang='lat' dir='ltr'><strong>sit,</strong></span> <span class='ocrx_word' id='word_1_173' title='bbox 440 2744 525 2789; x_wconf 86' lang='lat' dir='ltr'><strong>ne</strong></span> <span class='ocrx_word' id='word_1_174' title='bbox 562 2718 734 2787; x_wconf 87' lang='lat' dir='ltr'><strong>illud</strong></span> <span class='ocrx_word' id='word_1_175' title='bbox 772 2717 1048 2823; x_wconf 83' lang='lat' dir='ltr'><strong>quidem</strong></span> <span class='ocrx_word' id='word_1_176' title='bbox 1085 2730 1266 2786; x_wconf 83' lang='lat' dir='ltr'><strong>recte</strong></span> <span class='ocrx_word' id='word_1_177' title='bbox 1310 2717 1584 2786; x_wconf 84' lang='lat' dir='ltr'><strong>factum.</strong></span> <span class='ocrx_word' id='word_1_178' title='bbox 1628 2714 1850 2803; x_wconf 44' lang='lat' dir='ltr'><strong>Quod*</strong></span> 
     </span>
     <span class='ocr_line' id='line_1_29' title="bbox 261 2805 1836 2901; baseline -0.003 -22"><span class='ocrx_word' id='word_1_179' title='bbox 261 2808 354 2879; x_wconf 86' lang='lat' dir='ltr'><strong>de</strong></span> <span class='ocrx_word' id='word_1_180' title='bbox 402 2808 721 2901; x_wconf 84' lang='lat' dir='ltr'><strong>exemplis</strong></span> <span class='ocrx_word' id='word_1_181' title='bbox 742 2862 761 2893; x_wconf 85' lang='lat'>‚</span> <span class='ocrx_word' id='word_1_182' title='bbox 792 2808 971 2878; x_wconf 77' lang='lat' dir='ltr'><strong>idem</strong></span> <span class='ocrx_word' id='word_1_183' title='bbox 1002 2808 1209 2877; x_wconf 85' lang='lat' dir='ltr'><strong>etiam</strong></span> <span class='ocrx_word' id='word_1_184' title='bbox 1247 2806 1332 2876; x_wconf 87' lang='lat' dir='ltr'><strong>de</strong></span> <span class='ocrx_word' id='word_1_185' title='bbox 1369 2805 1690 2897; x_wconf 82' lang='lat' dir='ltr'><strong>judicatis</strong></span> <span class='ocrx_word' id='word_1_186' title='bbox 1719 2805 1836 2875; x_wconf 84' lang='lat' dir='ltr'><strong>oh-</strong></span> 
     </span>
     <span class='ocr_line' id='line_1_30' title="bbox 265 2901 1856 2988; baseline 0.004 -21"><span class='ocrx_word' id='word_1_187' title='bbox 265 2901 701 2988; x_wconf 77' lang='lat' dir='ltr'><strong>servandum.</strong></span> <span class='ocrx_word' id='word_1_188' title='bbox 1526 2970 1529 2973; x_wconf 87' lang='lat'><strong>.</strong></span> <span class='ocrx_word' id='word_1_189' title='bbox 1845 2911 1856 2925; x_wconf 65' lang='lat'>⁸</span> 
     </span>
    </p>

    <p class='ocr_par' dir='ltr' id='par_1_4' title="bbox 264 2985 1864 3437">
     <span class='ocr_line' id='line_1_31' title="bbox 356 2985 1834 3080; baseline -0.003 -20"><span class='ocrx_word' id='word_1_190' title='bbox 356 2998 442 3060; x_wconf 90' lang='lat' dir='ltr'><strong>V.</strong></span> <span class='ocrx_word' id='word_1_191' title='bbox 463 2989 668 3077; x_wconf 85' lang='lat' dir='ltr'><strong>Quod</strong></span> <span class='ocrx_word' id='word_1_192' title='bbox 694 3001 920 3059; x_wconf 84' lang='lat' dir='ltr'><strong>autem</strong></span> <span class='ocrx_word' id='word_1_193' title='bbox 938 2987 1162 3080; x_wconf 77' lang='lat' dir='ltr'><strong>posui,</strong></span> <span class='ocrx_word' id='word_1_194' title='bbox 1187 2988 1464 3067; x_wconf 73' lang='lat' dir='ltr'><strong>referre;</strong></span> <span class='ocrx_word' id='word_1_195' title='bbox 1489 3011 1625 3077; x_wconf 90' lang='lat' dir='ltr'><strong>quo</strong></span> <span class='ocrx_word' id='word_1_196' title='bbox 1650 2985 1834 3078; x_wconf 82' lang='lat' dir='ltr'><strong>quic·</strong></span> 
     </span>
     <span class='ocr_line' id='line_1_32' title="bbox 264 3076 1837 3174; baseline -0.003 -25"><span class='ocrx_word' id='word_1_197' title='bbox 264 3108 399 3174; x_wconf 84' lang='lat' dir='ltr'><strong>que</strong></span> <span class='ocrx_word' id='word_1_198' title='bbox 457 3092 809 3150; x_wconf 87' lang='lat' dir='ltr'><strong>accusator</strong></span> <span class='ocrx_word' id='word_1_199' title='bbox 845 3080 1047 3149; x_wconf 92' lang='lat' dir='ltr'><strong>modo</strong></span> <span class='ocrx_word' id='word_1_200' title='bbox 1097 3078 1394 3161; x_wconf 85' lang='lat' dir='ltr'><strong>dixerit3</strong></span> <span class='ocrx_word' id='word_1_201' title='bbox 1441 3076 1572 3145; x_wconf 87' lang='lat' dir='ltr'><strong>huc</strong></span> <span class='ocrx_word' id='word_1_202' title='bbox 1627 3076 1837 3167; x_wconf 85' lang='lat' dir='ltr'><strong>perti-</strong></span> 
     </span>
     <span class='ocr_line' id='line_1_33' title="bbox 264 3164 1834 3257; baseline -0.004 -16"><span class='ocrx_word' id='word_1_203' title='bbox 264 3184 425 3257; x_wconf 85' lang='lat' dir='ltr'><strong>net,</strong></span> <span class='ocrx_word' id='word_1_204' title='bbox 478 3184 595 3253; x_wconf 85' lang='lat' dir='ltr'><strong>ut,</strong></span> <span class='ocrx_word' id='word_1_205' title='bbox 652 3172 707 3241; x_wconf 92' lang='lat' dir='ltr'><strong>si</strong></span> <span class='ocrx_word' id='word_1_206' title='bbox 743 3183 842 3239; x_wconf 88' lang='lat' dir='ltr'><strong>est</strong></span> <span class='ocrx_word' id='word_1_207' title='bbox 876 3171 1102 3240; x_wconf 85' lang='lat' dir='ltr'><strong>minus</strong></span> <span class='ocrx_word' id='word_1_208' title='bbox 1133 3164 1502 3237; x_wconf 74' lang='lat' dir='ltr'><strong>efficaciter</strong></span> <span class='ocrx_word' id='word_1_209' title='bbox 1531 3166 1834 3251; x_wconf 70' lang='lat' dir='ltr'><strong>locutu3‚</strong></span> 
     </span>
     <span class='ocr_line' id='line_1_34' title="bbox 264 3254 1864 3355; baseline -0.002 -22"><span class='ocrx_word' id='word_1_210' title='bbox 264 3262 413 3355; x_wconf 81' lang='lat' dir='ltr'><strong>ipsa</strong></span> <span class='ocrx_word' id='word_1_211' title='bbox 440 3269 584 3354; x_wconf 87' lang='lat' dir='ltr'><strong>ejus</strong></span> <span class='ocrx_word' id='word_1_212' title='bbox 606 3260 811 3334; x_wconf 79' lang='lat' dir='ltr'><strong>verba</strong></span> <span class='ocrx_word' id='word_1_213' title='bbox 847 3272 1233 3354; x_wconf 80' lang='lat' dir='ltr'><strong>ponantur3</strong></span> <span class='ocrx_word' id='word_1_214' title='bbox 1265 3259 1319 3328; x_wconf 92' lang='lat' dir='ltr'><strong>si</strong></span> <span class='ocrx_word' id='word_1_215' title='bbox 1353 3258 1602 3327; x_wconf 48' lang='lat' dir='ltr'><strong>acrivet</strong></span> <span class='ocrx_word' id='word_1_216' title='bbox 1631 3254 1864 3331; x_wconf 47' lang='lat' dir='ltr'><strong>vehe-a.</strong></span> 
     </span>
     <span class='ocr_line' id='line_1_35' title="bbox 264 3346 1858 3437; baseline -0.004 -10"><span class='ocrx_word' id='word_1_217' title='bbox 264 3356 478 3427; x_wconf 84' lang='lat' dir='ltr'><strong>menti</strong></span> <span class='ocrx_word' id='word_1_218' title='bbox 520 3378 679 3425; x_wconf 81' lang='lat' dir='ltr'><strong>usus</strong></span> <span class='ocrx_word' id='word_1_219' title='bbox 708 3352 923 3437; x_wconf 19' lang='lat' dir='ltr'><strong>&#39;fuerit</strong></span> <span class='ocrx_word' id='word_1_220' title='bbox 952 3350 1264 3423; x_wconf 83' lang='lat' dir='ltr'><strong>oratione</strong></span> <span class='ocrx_word' id='word_1_221' title='bbox 1287 3402 1308 3437; x_wconf 88' lang='lat'>,</span> <span class='ocrx_word' id='word_1_222' title='bbox 1347 3346 1650 3426; x_wconf 74' lang='lat' dir='ltr'><strong>eandem</strong></span> <span class='ocrx_word' id='word_1_223' title='bbox 1692 3370 1858 3421; x_wconf 74' lang='lat' dir='ltr'><strong>rem..</strong></span> 
     </span>
    </p>
   </div>
   <div class='ocr_carea' id='block_1_2' title="bbox 2146 2688 2148 3361">
    <p class='ocr_par' dir='ltr' id='par_1_5' title="bbox 2146 2688 2148 3361">
     <span class='ocr_line' id='line_1_36' title="bbox 2146 2688 2148 3361; baseline 0 0"><span class='ocrx_word' id='word_1_224' title='bbox 2146 2688 2148 3361; x_wconf 95' lang='lat' dir='ltr'><strong> </strong></span> 
     </span>
    </p>
   </div>
  </div>
 </body>
</html>
