2175 3809
486 287 635 358 Dr
667 308 1037 356 naa-rous
1085 309 1480 358 nocuum.
1681 311 1772 378 97

188 403 327 473 quo
356 380 769 460 tenderent,
808 375 1345 462 adjuvarentur3
1390 391 1464 448 ut
1484 432 1503 463 ‚
1535 378 1592 448 si
1623 381 1780 471 quis

191 473 517 564 palaestrae
550 470 848 562 peritus,
882 493 1035 536 cum
1071 468 1143 536 in
1185 469 1464 562 aliquod
1498 469 1784 562 plenum

192 563 429 651 pueris
464 560 895 650 gymnasium
944 560 1256 642 venerit,
1301 575 1620 654 expertus
1653 587 1788 632 eo-

193 675 349 720 rum
382 647 783 720 omnimodo
820 673 1067 740 corpus
1117 651 1557 758 animumque
1585 706 1604 738 ‚
1645 651 1792 722 dis-

196 753 473 826 cernat,
524 741 637 810 cui
682 740 973 835 quisque
1008 742 1364 812 certamini
1403 755 1490 812 sit
1526 769 1794 837 praepa·-

181 832 498 917 .randus;
524 831 621 900 ita
648 843 1132 924 praeceptorem
1155 834 1563 927 eloquentiae
1582 888 1601 920 ‚
1629 860 1794 908 cum

197 924 541 1018 sagaciter
585 922 795 992 fuerit
826 922 1159 1010 intuitus,
1195 929 1388 1014 cujus
1427 925 1792 1018 ingenium

194 1039 435 1110 presso
490 1013 864 1173 limatoque
908 1037 1159 1107 genere
1226 1015 1550 1102 dicendi,
1593 1022 1796 1106 cujus

196 1105 584 1200 acri‚gravi
612 1157 633 1191 ‚
664 1103 757 1175 du
788 1105 889 1190 ci,
921 1131 1199 1199 aspero,
1219 1106 1444 1178 nitido
1466 1160 1486 1193 ‚
1521 1106 1794 1178 urbano

196 1199 493 1268 maxime
554 1195 889 1290 gaudeat3
940 1197 1035 1266 ita
1078 1223 1150 1267 se
1198 1197 1795 1269 commodaturum

201 1287 535 1381 singulis,
578 1301 655 1357 ut
696 1287 767 1357 in
810 1313 933 1372 ec,
974 1313 1112 1380 quo
1161 1289 1448 1382 quisque
1496 1288 1806 1376 eminet,

198 1379 625 1474 proveham·
649 1403 671 1465 ;
720 1377 906 1472 quod
956 1390 1023 1447 et
1068 1379 1305 1468 adjuta
1345 1405 1508 1450 cura
1544 1391 1798 1452 natura.

199 1472 425 1564 magis
460 1470 793 1541 evalescat
817 1495 839 1556 3
881 1482 949 1542 et
992 1469 1110 1562 qui
1155 1471 1231 1542 in
1282 1471 1550 1542 diversa
1583 1470 1824 1544 duca-'

199 1575 323 1648 tur
353 1615 375 1647 ‚
409 1588 541 1632 nec
569 1563 646 1632 in
695 1561 813 1646 iis,
862 1560 1114 1654 quibus
1149 1563 1376 1632 minus
1419 1576 1616 1657 aptus
1650 1577 1796 1649 est,

203 1655 396 1726 satis⁴
422 1653 640 1745 possit
676 1653 943 1723 efficere
968 1705 986 1738 ‚
1038 1666 1108 1722 et
1155 1681 1264 1738 ea,
1311 1654 1382 1723 in
1417 1681 1562 1759 quae
1599 1667 1800 1726 natus

196 1745 524 1829 videtur,
558 1743 936 1816 deserendo
971 1744 1176 1814 faciat
1209 1744 1612 1817 infirmiora.

302 1835 517 1925 Quod
564 1834 734 1905 mihi
788 1835 1065 1919 (libera
1116 1836 1349 1920 enim,
1393 1836 1501 1905 vel
1557 1845 1804 1904 contra

201 1940 523 2020 receptas
556 1926 1030 2021 persuasiones
1066 1927 1404 1996 rationem
1439 1923 1752 2030 sequenti
1782 1975 1810 2010 ,

202 2019 559 2094 sententia
614 2027 775 2105 est)
830 2019 901 2089 in
964 2031 1157 2125 parte
1213 2043 1451 2092 verum
1502 2015 1803 2090 vldet'ur.

202 2117 389 2181 Nam
451 2109 905 2203 proprietates
954 2110 1402 2204 ‘ingeniorum
1463 2106 1803 2200 dispicere

205 2227 497 2295 prorsus
557 2201 1017 2274 necessarium
1072 2213 1194 2274 est.
1237 2207 1316 2272 In
1361 2199 1470 2271 his
1527 2223 1804 2294 quoque

207 2306 481 2364 certum
530 2292 915 2372 studiorum
958 2294 1179 2364 facere
1211 2292 1555 2363 delectum
1600 2312 1803 2362 nemo

209 2383 645 2458 dissuaserit.
706 2391 879 2456 Nam
931 2412 1014 2454 ue
1076 2384 1208 2454 erit
1271 2381 1446 2451 alius
1501 2379 1808 2454 historiae

206 2475 435 2568 magis
470 2475 762 2546 idoneus
786 2529 805 2560 ‚
848 2501 885 2545 a
918 2476 1023 2546 ius
1063 2472 1480 2567 compositus
1523 2471 1610 2544 ad
1643 2498 1811 2543 car-

209 2593 375 2645 men
396 2620 415 2652 ‚
452 2567 630 2637 alius
665 2567 855 2638 utilis
886 2565 1115 2640 studio
1145 2563 1354 2654 juris,
1379 2577 1446 2634 et
1479 2561 1836 2635 nonnulli'

175 2680 333 2756 ‘rus
387 2657 674 2730 fortasse
720 2656 1063 2734 mittendi.
1110 2657 1224 2728 Sic
1271 2655 1613 2729 discernet
1665 2655 1831 2730 haec.

210 2749 499 2821 dicendi
546 2750 869 2844 magister
895 2802 916 2835 ‚
965 2774 1101 2842 quo
1146 2746 1349 2821 modo
1391 2745 1813 2840 palaestricus

213 2839 336 2911 ille
393 2867 741 2915 cursorem
790 2841 1002 2914 saciet‘
1034 2893 1053 2925 ‚
1113 2852 1231 2910 aut
1285 2839 1634 2934 pugilem,
1689 2843 1813 2902 aut

214 2929 631 3008 luctatorem
657 2987 676 3018 ‚
714 2931 985 3006 aliudve
1018 2930 1187 3037 quid
1221 2957 1300 3006 ex
1332 2931 1458 3019 iis,
1481 2955 1629 3023 quae
1648 2935 1816 3000 sunt

215 3049 576 3098 sacrorum
636 3031 738 3114 (1)
777 3035 1252 3096 certamlnum.
1503 3090 1518 3110 ς

306 3122 579 3190 Verum
621 3116 681 3185 ei
710 3115 901 3211 ‚.qui
945 3114 1095 3186 foro
1131 3109 1592 3190 destinabitur
1621 3161 1638 3192 ,
1669 3132 1816 3182 non

286 3301 351 3372 (ι
376 3299 399 3368 )
438 3283 666 3367 Quamcu-
697 3308 813 3348 sunt
840 3315 974 3350 sacra
1014 3277 1556 3353 Graciae'cemminm
1591 3285 1776 3344 Neuiea
1794 3319 1816 3360 ,-

216 3364 467 3444 Olympia
488 3403 503 3430 ‚
532 3364 741 3415 Isthmia
760 3401 776 3426 ‚
795 3363 982 3434 Pythia
1004 3363 1089 3417 :in
1109 3361 1296 3430 quibu·
1313 3373 1464 3410 omne
1485 3375 1642 3430 genus
1657 3369 1820 3412 certa·-

220 3435 379 3490 mmis
416 3431 589 3491 fiebat.
628 3429 789 3485 Tum.

428 3498 635 3569 Teme
666 3495 721 3565 1.
1385 3543 1392 3551 ,
1551 3493 1614 3556 E
