2175 3809
26 406 34 445 Γ

650 276 708 343 Ρ
737 296 788 343 n
815 298 875 343 a
907 296 950 343 r.
979 296 1028 345 A
1063 298 1109 346 ¹1·
1141 298 1169 345 1
1202 299 1271 345 ο.
1636 274 1749 346 xix

199 361 458 525 tienftia
481 412 506 451 ‚
567 388 774 459 quam
834 364 1318 461 objurgatione
1392 376 1466 436 et
1525 364 1747 461 plagis

283 482 330 525 o
385 480 476 527 ci.

199 480 530 619 &Pauca
557 544 772 619 tradit
791 546 880 619 de
921 546 1423 642 discipulorum
1454 548 1699 621 officiis
1722 600 1741 637 ‚
1790 564 1967 639 ρῳ..

201 638 326 709 sed
349 664 502 732 quae
528 664 878 732 nunquam
897 638 1197 713 debeant
1218 640 1306 711 ab
1334 666 1575 711 eorum
1600 641 1743 711 ani·
1804 630 1948 747 ‘335⁸‘

193 730 336 801 mis
371 732 679 801 effluere.
710 732 788 801 Id
835 758 1052 803 unum
1079 758 1197 803 eos
1242 734 1567 804 admonet
1594 784 1613 817 ‚
1665 748 1743 803 ut
1790 780 1893 827 ub,
1918 792 1965 829 a.

201 835 658 914 praeceptores
691 848 852 895 suos
891 850 1034 895 non
1065 825 1294 897 minos
1342 829 1545 921 quam
1594 825 1743 918 ipsa
1805 855 1849 889 e.
1892 852 1965 887 ιο.

200 913 436 985 studia
467 926 742 1001 ament3
763 926 834 986 et
867 930 1185 1009 parentes
1218 942 1401 1003 esse,
1434 940 1577 987 non
1594 916 1743 1011 qui-
1834 898 1922 1006 (ᾖξ’

201 1003 364 1109 dem
415 1030 818 1099 corporum,
877 1007 1000 1079 sed
1053 1010 1391 1081 mentium
1438 1008 1742 1079 credant.
1782 974 1969 1067 ''smss'

202 1102 318 1167 Sic
351 1098 541 1167 enim
570 1124 686 1169 eos
711 1098 1010 1171 libenter
1031 1100 1319 1171 audient
1342 1152 1363 1183 ‚
1394 1099 1741 1171 emendati
1792 1084 1957 1188 „22:2³2

205 1212 350 1261 non
385 1188 814 1278 irascentur,
857 1192 1119 1263 laudati
1170 1191 1612 1285 gaudebunt,
1666 1203 1745 1261 ut
1780 1204 1979 1263 rmus·

202 1278 342 1361 siut
371 1282 708 1353 carissimi
739 1336 760 1369 ‚
799 1296 1002 1379 atque
1047 1283 1257 1355 etiam
1316 1282 1747 1353 familiariter
1790 1264 1995 1375 3222?

202 1371 458 1458 amici,
494 1373 726 1445 studio
759 1376 1249 1462 merebuntur,
1292 1375 1365 1446 in
1412 1373 1597 1467 ipsos
1626 1374 1747 1445 de-

203 1464 420 1557 nique
463 1478 676 1536 coetus
723 1467 1117 1538 scholarum
1166 1467 1303 1538 laeti
1362 1479 1436 1538 et
1486 1466 1743 1538 alacres

203 1557 644 1629 convenient.
677 1557 846 1629 Vult
875 1558 1056 1633 idem
1083 1560 1233 1630 dari
1252 1558 1387 1630 sibi
1410 1584 1737 1651 puerum,
1788 1576 1895 1623 Lib.
1920 1589 1967 1627 ι.

202 1674 410 1741 quem
443 1648 592 1719 laus
651 1650 942 1736 excitet,
993 1678 1201 1745 quem
1296 1651 1467 1721 loria
1506 1656 1739 1741 juvet,
1822 1640 1935 1689 ⁰⁹³·

202 1741 324 1834 qui
360 1740 584 1811 victus
616 1740 780 1813 fleat
815 1769 830 1812 :
868 1768 1072 1836 quem
1104 1743 1211 1814 vel
1280 1743 1595 1833 ovissima
1622 1743 1748 1813 ob·

198 1832 510 1926 jurgatio
551 1833 772 1905 aerios
822 1835 1137 1905 mordeat
1162 1887 1184 1919 ‚
1230 1838 1434 1927 quam
1472 1835 1749 1926 gravis-

199 1924 388 1995 simae
419 1950 628 2017 poenae
661 1952 678 1994 :
711 1926 832 2018 qui
867 1951 1012 1995 non
1047 1926 1339 2017 imperio
1392 1936 1460 1994 et
1506 1938 1691 1993 metu
1724 1978 1746 2010 ‚

199 2017 325 2089 sed
355 2042 587 2087 amore
617 2016 827 2089 officii
853 2029 926 2087 et
951 2015 1302 2109 magistri,
1326 2015 1415 2087 ad
1442 2015 1749 2087 laborem

201 2108 491 2179 seratur.
523 2109 846 2182 studium
879 2108 1068 2179 enim
1104 2108 1455 2194 discendi,
1496 2108 1747 2180 volun-

194 2212 339 2271 tate
362 2252 382 2284 ,
407 2226 556 2294 quae
579 2202 734 2294 cogi
769 2226 912 2273 non
936 2214 1171 2295 potest
1190 2254 1210 2286 ‚
1248 2212 1541 2271 constat.

294 2299 398 2365 Ea
429 2300 592 2365 vero
623 2293 708 2363 de
723 2293 1111 2363 'educandis
1136 2294 1367 2385 pueris
1400 2292 1741 2386 praecipit,
1800 2301 1965 2359 Quass-

197 2412 350 2482 quae
365 2384 772 2479 parentibus
797 2386 1003 2455 etiam
1023 2384 1432 2468 Christianis
1455 2385 1737 2474 injicere
1789 2366 1982 2481 2⁶5⁶?ssss

197 2478 540 2573 pudorem
561 2476 880 2548 debeant.
907 2476 1258 2567 Quoniam
1284 2488 1529 2547 natura
1552 2488 1741 2555 tena-
1788 2498 1965 2556 “trum-

197 2570 458 2663 cissimi
489 2594 722 2641 sumus
747 2594 986 2640 eorum
1011 2594 1163 2665 qua}
1216 2568 1507 2639 rudibus
1540 2570 1741 2641 annis
1778 2546 2001 2654 2¹:³12}ss

197 2688 406 2757 perce
459 2661 636 2731 imus
668 2715 689 2748 ‚
715 2675 784 2732 et
821 2662 967 2733 haec
997 2663 1146 2755 ipsa
1180 2661 1395 2754 magis
1446 2661 1745 2754 pertina-
1869 2684 1883 2693 ·

200 2755 381 2826 citer
455 2766 701 2840 iurent,
737 2780 884 2847 quae
917 2754 1263 2847 deteriora
1290 2765 1486 2838 sunt,
1524 2752 1613 2823 ab
1638 2753 1745 2845 ip·

201 2847 294 2919 sis
395 2870 723 2917 uerorum
777 2847 1004 2917 adhuc
1067 2845 1490 2951 vagientium
1546 2845 1753 2915 cunis

203 2964 338 3033 pru
391 2951 590 3009 enter
611 2951 880 3009 amovet
915 2936 1081 3032 quid
1135 2936 1255 3008 uid
1287 2950 1557 3007 teneras
1588 2934 1747 3005 illo-

205 3056 361 3101 rum
393 3044 653 3101 mentes
707 3028 987 3103 inficere
1035 3056 1115 3101 ve
1196 3029 1439 3101 leviter
1486 3026 1745 3121 possit,

117 3136 124 3141 '
206 3148 572 3217 acremque
609 3136 776 3193 tunc
817 3123 1103 3193 maxime
1140 3119 1537 3215 parentibus
1568 3117 1745 3187 dili-

201 3214 512 3307 gentiam
559 3216 848 3309 imperat
888 3214 1233 3286 formandi
1276 3209 1745 3284 custodiendi-

206 3332 344 3403 que
374 3305 451 3379 in
489 3320 683 3383 aetate
710 3308 1295 3404 prima-pudoris,
1338 3329 1429 3374 ne
1468 3302 1749 3374 mollior
