2175 3809
398 280 538 345 308·
770 278 959 343 Lu.
1002 278 1091 342 V.
1139 276 1324 343 Car.
1383 276 1624 341 x111.

400 363 487 433 ab
516 364 813 455 Egnatio
840 364 1143 455 corrupti
1170 362 1438 454 judicii,
1459 388 1594 467 quo
1613 360 1976 455 Cluentius

398 454 863 547 Oppianicum
874 454 1449 538 circumvenisset,
1466 452 1752 523 crimine
1779 454 1976 532 exhe-

400 544 997 615 redatum?Athaec
1010 544 1670 635 Cicero(1)pugnare
1682 544 1977 615 invicem

402 635 705 705 ostendit
722 662 739 705 ε
758 635 902 705 Sed
910 647 1029 721 -tu,
1052 635 1256 719 Acci,
1281 636 1668 719 consideres,
1709 660 1940 705 censeo
1955 686 1976 719 ‚

402 725 755 815 diligenter
770 778 791 810 ,
815 736 1031 793 utrum
1050 730 1406 795 censorium
1419 724 1746 817 judicium
1771 749 1979 815 grave

402 815 562 888 velis
606 840 773 899 esse,
798 842 888 885 an
916 814 1220 906 Egnatii.
1246 814 1330 885 Si
1340 815 1628 906 Egnatii
1640 868 1660 902 ,
1685 813 1824 887 leve
1853 827 1978 907 est,

400 906 584 997 quod
600 930 893 977 censores
908 906 991 975 de
1010 910 1258 975 coeteris
1278 904 1798 995 subscripserunt
1833 937 1851 986 3
1879 911 1982 996 ip:-

394 1021 537 1065 sum
552 1002 720 1065 enim
738 999 789 1065 C
792 995 1254 1085 n.Egnalium,
1269 1020 1454 1086 quem
1469 1007 1539 1065 tu
1551 1022 1824 1085 gravem
1841 1004 1992 1091 esse·-

400 1091 536 1175 91’5,
576 1111 667 1156 ex
688 1097 921 1155 senatu
952 1090 1294 1177 ejecerunt.
1326 1085 1380 1155 S
1381 1090 1450 1154 in
1489 1096 1704 1155 autem
1738 1112 1976 1169 censo-

400 1181 571 1245 rium
588 1228 607 1261 ,
638 1176 813 1245 hunc
848 1180 1059 1265 ipsum
1107 1176 1472 1267 Egnatium
1491 1228 1510 1259 ,
1558 1202 1745 1267 quem
1781 1189 1978 1269 paler

403 1270 699 1357 censoria
714 1265 1186 1355 subscriptione
1203 1266 1626 1337 exheredavit
1637 1319 1656 1351 ,
1682 1291 1977 1352 censores

398 1362 471 1425 in
486 1367 715 1427 senatu
736 1407 756 1440 ,
772 1380 917 1425 cum
926 1367 1182 1447 patrem
1199 1362 1529 1461 ejicerent,
1551 1362 1971 1429 retinuerunt.

490 1447 615 1515 llla
649 1472 757 1515 ma
806 1446 865 1517 is
892 1446 1135 1516 vitiose
1161 1446 1519 1532 dicuntur,
1592 1474 1750 1525 uam
1775 1462 1970 1518 acute

400 1536 737 1627 reprehen
792 1549 1029 1604 untur:
1050 1549 1524 1627 argumentum
1591 1538 1833 1609 ubium
1854 1564 1972 1631 pro

404 1624 789 1695 necessario
816 1676 837 1708 ,
891 1637 1402 1695 controversum
1435 1653 1558 1732 pro
1609 1629 1922 1699 confesso
1958 1679 1978 1714 ,

398 1740 754 1785 commune
766 1714 1079 1806 pluribus
1091 1741 1216 1808 pro
1235 1742 1534 1809 proprio,
1550 1718 1854 1811 vulgare,
1871 1714 1973 1789 su-

388 1830 841 1896 pervacuum,
862 1806 1077 1875 serius
1101 1813 1200 1892 (2)
1223 1809 1700 1893 constitutum,
1735 1822 1976 1879 contra

397 1894 625 1981 fidem.
650 1902 823 1965 Nam
852 1907 921 1965 et
952 1896 1071 1965 illa
1099 1897 1419 1967 accidunt
1451 1924 1687 1989 parum
1710 1902 1968 1991 cautis,

399 1998 479 2053 ut
504 1985 763 2055 crimen
790 1999 1089 2077 augeant
1107 2039 1127 2073 ,
1160 1988 1342 2078 quod
1423 1987 1808 2059 robandum
1836 2002 1934 2059 est
1944 2016 1969 2078 ;

397 2074 484 2143 de
520 2076 702 2144 facto
728 2075 1081 2165 disputent
1105 2130 1124 2160 ,
1165 2102 1319 2147 cum
1406 2105 1442 2147 e
1483 2090 1758 2150 auctore
1793 2080 1972 2173 qu'ae-

396 2176 591 2233 ratur
620 2190 641 2249 ;
712 2165 1160 2255 impossibilia
1225 2168 1713 2326 aggrediantur
1752 2197 1782 2255 ,ς
1845 2195 1970 2262 pro

396 2254 657 2339 effectis
713 2254 1110 2347 relinquant
1153 2258 1262 2327 vix
1315 2283 1428 2327 um
1481 2260 1800 2331 inchoata
1813 2288 1836 2347 3
1885 2260 1968 2331 de

394 2340 675 2413 homine
701 2342 949 2429 dicere,
979 2372 1182 2439 quam
1201 2348 1285 2417 de
1315 2372 1520 2419 causa
1547 2351 1830 2439 malint3
1855 2359 1954 2436 (3)

392 2430 751 2510 hominum
778 2436 982 2503 vitam
1009 2438 1212 2510 rebus
1232 2440 1598 2531 assignent,
1627 2453 1703 2511 ut
1727 2442 1779 2513 si
1811 2445 1962 2537 quis

398 2521 927 2594 decemviratum
953 2542 1260 2613 accuset,
1295 2556 1434 2598 non
1461 2536 1568 2623 Ap
1621 2532 1761 2601 ium
1779 2558 1802 2619 3
1835 2560 1969 2604 ma-

394 2612 661 2718 nifestis
694 2630 1112 2719 repugnent3
1145 2618 1380 2691 dicant
1409 2647 1544 2713 quo
1627 2624 1828 2692 aliter
1859 2651 1970 2698 ac-

390 2724 529 2793 cipi
567 2718 822 2795 poss1t3
856 2732 1185 2780 summam
1234 2712 1626 2802 quaestionis
1670 2738 1813 2783 non
1863 2715 1970 2796 in·-

390 2805 717 2875 tueantur
742 2820 763 2880 3
798 2799 937 2865 non
958 2797 1053 2866 ad
1086 2800 1435 2891 proposita
1463 2803 1968 2896 respondeant:

394 2884 581 2979 quod
611 2908 823 2954 unum
858 2887 1226 2979 aliquando
1265 2892 1475 2983 recipi
1513 2906 1734 2983 potest
1763 2931 1786 2977 ,·
1813 2920 1970 2965 cum

392 2973 569 3043 mala
594 3001 800 3051 causa
830 2976 1161 3053 adhibitis
1187 2981 1603 3053 extrinsecus
1643 2979 1968 3055 remediis

412 3130 427 3141 ·
449 3108 545 3242 (13
573 3112 705 3163 Vide
726 3114 1017 3167 Ciceronem
1044 3134 1136 3183 pro
1163 3118 1390 3171 cluentio
1415 3158 1431 3186 ,
1449 3138 1594 3173 uum.
1627 3122 1740 3172 135.

458 3175 512 3241 (α
568 3178 775 3228 Videtur
810 3196 1155 3247 argumentum
1195 3188 1349 3233 serius
1378 3191 1716 3253 constitutum,
1740 3206 1845 3255 quo
1873 3188 1969 3239 ad-

386 3240 625 3313 fer-sarius
641 3256 921 3309 opportuno
938 3257 988 3295 et
1012 3265 1101 3296 suo
1130 3249 1240 3299 loco
1263 3268 1367 3301 non
1387 3263 1458 3302 est
1490 3270 1604 3303 usus
1627 3292 1643 3319 ,
1659 3254 1750 3303 sed
1767 3253 1968 3305 alieno:

387 3312 455 3350 lta
496 3319 555 3351 ue
579 3305 721 3355 facile
748 3322 819 3355 est
845 3311 1071 3361 refutatu.
1121 3313 1281 3363 Turn.

482 3366 539 3429 3)
558 3370 628 3418 Ut
644 3369 687 3417 si
702 3372 818 3436 quis
836 3372 1188 3430 decemvir-atui
1199 3380 1412 3450 assignet
1424 3382 1578 3435 vitam
1587 3396 1638 3437 et
1649 3383 1770 3438 vitia
1785 3368 1972 3453 Appii,
